This file was created with JabRef 2.1.
Encoding: Cp1252

@ARTICLE{Axelsen1998,
  author = {Axelsen, P. H. and
	
	
	 Li, D.},
  title = {Improved convergence in dual--topology free energy
	
	
	 calculations through use of harmonic restraints},
  journal = {J. Comput. Chem. },
  year = {1998},
  volume = {19},
  pages = {1278-1283}
}

@ARTICLE{Beveridge1989,
  author = {Beveridge, D. L. and DiCapua, F. M. },
  title = {Free energy via molecular simulation:
	
	
	 Applications to chemical and biomolecular systems},
  journal = {Annu. Rev. Biophys. Biophys. },
  year = {1989},
  volume = {18},
  pages = {431-492}
}

@ARTICLE{Boresch1999,
  author = {Boresch, S. and Karplus, M. },
  title = {The role of bonded terms in free energy simulations:
	
	
	 I. Theoretical analysis},
  journal = {J. Phys. Chem. A},
  year = {1999},
  volume = {103},
  pages = {103-118}
}

@ARTICLE{Chipot2002g,
  author = {Chipot, C. and Pearlman, D. A.},
  title = {Free energy calculations. The long and winding gilded road},
  journal = {Mol. Sim.},
  year = {2002},
  volume = {28},
  pages = {1-12}
}

@ARTICLE{Gao1989,
  author = {Gao, J. and Kuczera, K. and Tidor, B. and Karplus, M. },
  title = {Hidden thermodynamics of mutant proteins: A molecular
	
	
	 dynamics analysis},
  journal = {Science},
  year = {1989},
  volume = {244},
  pages = {1069-1072}
}

@ARTICLE{Gilson1997,
  author = {Gilson, M. K. and
	
	
	 Given, J. A. and
	
	
	 Bush, B. L. and
	
	
	 McCammon, J. A.},
  title = {The statistical--thermodynamic basis for computation of binding
	
	
	 affinities: A critical review},
  journal = {Biophys. J.},
  year = {1997},
  volume = {72},
  pages = {1047-1069}
}

@INCOLLECTION{VanGunsteren1989,
  author = {van Gunsteren, W. F.},
  title = {Methods for calculation of free energies and
	
	
	 binding constants: Successes and problems},
  booktitle = {Computer simulation of biomolecular systems:
	
	
	 Theoretical and experimental applications},
  publisher = {Escom},
  year = {1989},
  editor = {Van Gunsteren, W. F. and Weiner, P. K. },
  pages = {27-59},
  address = {The Netherlands}
}

@INCOLLECTION{King1993,
  author = {King, P. M.},
  title = {Free energy via molecular simulation: A primer},
  booktitle = {Computer simulation of biomolecular systems:
	
	
	 Theoretical and experimental applications},
  publisher = {ESCOM},
  year = {1993},
  editor = {Van Gunsteren, W. F. and Weiner, P. K. and Wilkinson, A. J.},
  volume = {2},
  pages = {267-314},
  address = {Leiden}
}

@ARTICLE{Kirkwood1935,
  author = {Kirkwood, J. G. },
  title = {Statistical mechanics of fluid mixtures},
  journal = {J. Chem. Phys. },
  year = {1935},
  volume = {3},
  pages = {300-313}
}

@ARTICLE{Kollman1993,
  author = {Kollman, P. A.},
  title = {Free energy calculations: Applications to chemical and biochemical
	phenomena},
  journal = {Chem. Rev. },
  year = {1993},
  volume = {93},
  pages = {2395-2417},
  comment = {Free energy}
}

@ARTICLE{Lu2004,
  author = {Lu, N. and Kofke, D. A. and Woolf, T. B.},
  title = {Improving the efficiency and reliability of free energy
	
	
	 perturbation calculations using overlap sampling methods},
  journal = {J. Comput. Chem.},
  year = {2004},
  volume = {25},
  pages = {28-39}
}

@INCOLLECTION{Mark1998,
  author = {Mark, A. E.},
  title = {Free Energy Perturbation Calculations},
  booktitle = {Encyclopedia of computational chemistry},
  publisher = {Wiley and Sons},
  year = {1998},
  editor = {Schleyer, P. v. R. and Allinger, N. L. and Clark, T. and Gasteiger,
	J. and Kollman, P. A. and Schaefer III, H. F. and Schreiner, P.
	R.},
  volume = {2},
  pages = {1070-1083},
  address = {Chichester}
}

@ARTICLE{Pearlman1994a,
  author = {Pearlman, D. A.},
  title = {A comparison of alternative approaches to free energy calculations},
  journal = {J. Phys. Chem.},
  year = {1994},
  volume = {98},
  pages = {1487-1493},
  comment = {Free energy}
}

@ARTICLE{Straatsma1992,
  author = {Straatsma, T. P. and McCammon, J. A. },
  title = {Computational alchemy},
  journal = {Annu. Rev. Phys. Chem.},
  year = {1992},
  volume = {43},
  pages = {407-435}
}

@ARTICLE{Zwanzig1954,
  author = {Zwanzig, R. W. },
  title = {High--temperature equation of state by a perturbation method. I.
	Nonpolar gases},
  journal = {J. Chem. Phys.},
  year = {1954},
  volume = {22},
  pages = {1420-1426}
}

@BOOK{Chipot2007,
  title = {Free energy calculations.
	
	 Theory and applications in chemistry and biology},
  publisher = {Springer Verlag},
  year = {2007},
  editor = {C. Chipot and A. Pohorille},
  owner = {Chris},
  timestamp = {2005.12.12}
}

@comment{jabref-meta: selector_journal:}

@comment{jabref-meta: selector_author:}

@comment{jabref-meta: selector_keywords:}

@comment{jabref-meta: selector_publisher:}

