This files uses bibtex entries generated by SPIRES, and in particular
the bibtex keys from SPIRES. However, since SPIRES bibtex entries are
not always correct, many have been manually post-processed, e.g. to
complete or correct author lists.

We do not like the NASA ADS bibtex keys because they are unreadable.
If no SPIRES entry is present, we invent one of the form
Author:YYYYaa, Author:YYYYab, etc.

We add an eprint entry, if available. This eprint entry should be
complete, and should look like "arXiv:gr-qc/9908012" or
"arXiv:0710.2335 [gr-qc]". We do not want archivePrefix or
primaryClass entries, since these are specific to the arXive, and are not
handled well by most bibtex styles. Do not add a fake joural entry to 
preprints since some styles only show the preprint information if no
journal is defined.

We add a DOI entry, if available.

We add a URL entry only if the document has no DOI. Some entries will
require such a URL (because otherwise the document cannot be found),
but we do not want to pollute printed references with a long URL
containing no useful information.

We add an ADSURL entry, pointing back to the SPIRES entry. This ADSURL
entry uses the DOI (if available), otherwise the arXiv eprint number.
This ADSURL looks like
{http://www.slac.stanford.edu/spires/find/hep/www?rawcmd=find+doi+...}
or
{http://www.slac.stanford.edu/spires/find/hep/www?rawcmd=find+eprint+...}.

In addition to the standard bibtex keys there are two new ones:
requested-for and suggested-for. Both contain space-separated lists of
Arrangement/Thorn names, specifying for which thorns this particular
publication is either requested or suggested.

Web sites are cited as a Misc entry, with a name of the web site's
project, either Capitalised or with CamelCase so that it is sorted
correctly, and with ":web" appended, as e.g. in:

# Misc{EinsteinToolkit:web,
#      title =        {{Einstein Toolkit}: Open software for relativistic
#                      astrophysics},
#      url =          {http://einsteintoolkit.org/},
# }

Note that Spires often shortens the author list. Don't include entries
like that here. Use ADS to get the complete list. Cosmocaffee can be
helpful here: <http://cosmocoffee.info/bibtex.php>.

The entries are sorted alphabetically by their bibtex keys, which
corresponds to their first author. If there are no authors, we add a
"key" entry that specifies where this entry should appear in an
alphabetically sorted list.

The following BST file hack works nicely for getting eprints 
into a paper when the "journal" field is empty:
                  
# journal empty$
#    { format.eprint output }
#    { skip$ }
# if$
        [another $ to improve syntax highlighting]
                  
In short, noting that a stack-based language is used, we first put the
journal name, if any, onto the stack, and query if it is empty -- note
that if commands occur after the "then" and "else" blocks, not before
If there is no journal entry, we print the eprint according to the
format If there is a journal entry, we skip over the branch and
suppress the eprint info.


##A ############################################################################

@article{Ahmed:2009qm,
      author         = "Ahmed, Maqbool and Rideout, David",
      title          = "{Indications of de Sitter Spacetime from Classical
                        Sequential Growth Dynamics of Causal Sets}",
      journal        = "Phys.Rev.",
      volume         = "D81",
      pages          = "083528",
      doi            = "10.1103/PhysRevD.81.083528",
      year           = "2010",
      eprint         = "arXiv:gr-qc/0909.4771",
}

@Article{Ajith:2007kx,
  author =       {Parameswaran Ajith and Stanislav Babak and Yanbei
                  Chen and Martin Hewitson and Badri Krishnan and
                  Alicia M. Sintes and John T. Whelan and Bernd
                  Br{\"u}gmann and Peter Diener and Ernst Nils Dorband
                  and Jos{\'e} Gonz{\'a}lez and Mark Hannam and Sascha
                  Husa and Denis Pollney and Luciano Rezzolla and
                  Luc{\'i}a Santamar{\'i}a and Ulrich Sperhake and
                  Jonathan Thornburg},
  title =        "{A Template bank for gravitational waveforms from
                  coalescing binary black holes. I. Non-spinning
                  binaries}",
  journal =      {Phys. Rev. D},
  volume =       77,
  pages =        104017,
  year =         2008,
  eprint =      "arXiv:0710.2335 [gr-qc]",
  doi =          {10.1103/PhysRevD.77.104017},
  adsurl =
                  {http://www.slac.stanford.edu/spires/find/hep/www?rawcmd=find+doi+10.1103/physrevd.77.104017},
  SLACcitation = "%%CITATION = ARXIV:0710.2335w;%%"
}

@article{Akmal:1998cf,
  author =       "Akmal, A. and Pandharipande, V.R. and Ravenhall,
                  D.G.",
  title =        "{The Equation of state of nucleon matter and neutron
                  star structure}",
  journal =      "Phys. Rev. C",
  volume =       58,
  pages =        "1804-1828",
  year =         1998,
  eprint =       "arXiv:nucl-th/9804027",
  doi =          "10.1103/PhysRevC.58.1804",
  adsurl =
                  {http://www.slac.stanford.edu/spires/find/hep/www?rawcmd=find+doi+10.1103/PhysRevC.58.1804},
}

@Article{Alcubierre:1999ab,
  author =       {Miguel Alcubierre and Steven Brandt and Bernd
                  Br{\"u}gmann and Daniel Holz and Edward Seidel and
                  Ryoji Takahashi and Jonathan Thornburg},
  title =        "{Symmetry without Symmetry: Numerical Simulation of
                  Axisymmetric Systems using Cartesian Grids}",
  journal =      {Int. J. Mod. Phys. D},
  volume =       10,
  year =         2001,
  pages =        {273-290},
  eprint =       {arXiv:gr-qc/9908012},
  doi =          {10.1142/S0218271801000834},
  adsurl =
                  {http://www.slac.stanford.edu/spires/find/hep/www?rawcmd=find+doi+10.1142/S0218271801000834},
  SLACcitation = "%%CITATION = GR-QC/9908012;%%"
}

@article{Alcubierre:2000xu,
  author =       "Miguel Alcubierre and Bernd Br{\"u}gmann and Thomas
                  Dramlitsch and Jose A. Font and Philippos
                  Papadopoulos and Edward Seidel and Nikolaos
                  Stergioulas and Ryoji Takahashi",
  title =        "{Towards a stable numerical evolution of strongly
                  gravitating systems in general relativity: The
                  Conformal Treatments}",
  journal =      "Phys. Rev. D",
  volume =       62,
  pages =        044034,
  doi =          "10.1103/PhysRevD.62.044034",
  year =         2000,
  eprint =       "arXiv:gr-qc/0003071",
}

@article{Alcubierre:2002kk,
  author =       "Miguel Alcubierre and Bernd Br{\"u}gmann and Peter
                  Diener and Michael Koppitz and Denis Pollney and
                  Edward Seidel and Ryoji Takahashi",
  title =        "{Gauge conditions for long term numerical black hole
                  evolutions without excision}",
  journal =      "Phys. Rev. D",
  volume =       67,
  pages =        084023,
  doi =          "10.1103/PhysRevD.67.084023",
  year =         2003,
  eprint =       "arXiv:gr-qc/0206072",
}

@Article{Alcubierre:2004bm,
  author =       {Miguel Alcubierre and Bernd Br{\"u}gmann and Peter
                  Diener and Frank Herrmann and Denis Pollney and
                  Edward Seidel and Ryoji Takahashi},
  title =        {Testing excision techniques for dynamical 3-D black
                  hole evolutions},
  year =         {2004},
  eprint =       {arXiv:gr-qc/0411137},
  adsurl =
                  {http://www.slac.stanford.edu/spires/find/hep/www?rawcmd=find+eprint+gr-qc/0411137},
  SLACcitation = "%%CITATION = GR-QC/0411137;%%"
}

@BOOK{Alcubierre:2008it,
   author = {{Alcubierre}, M.},
    title = "{Introduction to 3+1 Numerical Relativity}",
     year = 2008,
publisher = {Oxford University Press, UK},
    isbn  = {978-0-19-920567-7},
   adsurl = {http://adsabs.harvard.edu/abs/2008itnr.book.....A},
  adsnote = {Provided by the SAO/NASA Astrophysics Data System}
}

@inproceedings{Allen:2011aa,
   author = {Gabrielle Allen and Werner Benger and Andrei Hutanu and Shantenu Jha and Frank L{\"o}ffler and Erik Schnetter},
    title = "{A practical and comprehensive graduate course preparing students for research involving scientific computing}",
    booktitle= {Proceedings of the International Conference on Computational Science, ICCS 2011},
    pages = {1927-1936},
    year = {2011},
    month = {Jan},
    location = {Nanyang Technological University, Singapore},
    publisher = {Procedia Computer Science},
    doi = "10.1016/j.procs.2011.04.210",
}

@article{Aloy:1999ne,
      author         = "Aloy, M.A. and Ibanez, J.M. and Marti, J.M. and Muller,
                        E.",
      title          = "{Genesis: a high resolution code for 3-D relativistic
                        hydrodynamics}",
      journal        = "Astrophys. J. Suppl.",
      volume         = "122",
      pages          = "151-166",
      doi            = "10.1086/313214",
      year           = "1999",
      eprint         = "arXiv:astro-ph/9903352",
}

@misc{alpaca:web,
  title = {{Alpaca}: Tools for Application-Level Profiling and
           Correctness Analysis},
  url =    {http://www.cct.lsu.edu/~eschnett/Alpaca/}
}

@article{Anderson:2006ay,
      author         = "Anderson, Matthew and Hirschmann, Eric and Liebling,
                        Steven L. and Neilsen, David",
      title          = "{Relativistic MHD with Adaptive Mesh Refinement}",
      journal        = "Class. Quant. Grav.",
      volume         = "23",
      pages          = "6503-6524",
      doi            = "10.1088/0264-9381/23/22/025",
      year           = "2006",
      eprint         = "arXiv:gr-qc/0605102",
      SLACcitation   = "%%CITATION = GR-QC/0605102;%%",
}

@article{Anderson:2007kz,
  author =       "Matthew Anderson and Eric W. Hirschmann and Luis Lehner and Steven L. Liebling and Patrick M. Motl and David Neilsen and Carlos Palenzuela and Joel E. Tohline",
  title =        "{Simulating binary neutron stars: Dynamics and
                  gravitational waves}",
  journal =      "Phys. Rev. D",
  volume =       77,
  pages =        024006,
  doi =          "10.1103/PhysRevD.77.024006",
  year =         2008,
  eprint =       "arXiv:0708.2720 [gr-qc]",
  adsurl =
                  {http://www.slac.stanford.edu/spires/find/hep/www?rawcmd=find+doi+10.1103/PhysRevD.77.024006},
}

@article{Anderson:2008zp,
  author =       "Matthew Anderson and Eric W. Hirschmann and Luis Lehner and Steven L. Liebling and Patrick M. Motl and David Neilsen and Carlos Palenzuela and Joel E. Tohline",
  title =        "{Magnetized Neutron Star Mergers and Gravitational
                  Wave Signals}",
  journal =      "Phys. Rev. Lett.",
  volume =       100,
  pages =        191101,
  doi =          "10.1103/PhysRevLett.100.191101",
  year =         2008,
  eprint =       "arXiv:0801.4387 [gr-qc]",
  adsurl =
                  {http://www.slac.stanford.edu/spires/find/hep/www?rawcmd=find+doi+10.1103/PhysRevLett.100.191101},
}

@Article{Anninos:1995am,
     author    = "Anninos, Peter and others",
     title     = "{Three-dimensional numerical relativity: The Evolution of
                  black holes}",
     journal   = "Phys. Rev. D",
     volume    = "52",
     year      = "1995",
     pages     = "2059-2082",
     eprint    = "arXiv:gr-qc/9503025",
     doi       = "10.1103/PhysRevD.52.2059",
     SLACcitation  = "%%CITATION = GR-QC/9503025;%%"
}

@Article{Anninos:1996ai,
     author    = "Anninos, Peter and Masso, Joan and Seidel, Edward and Suen,
                  Wai-Mo and Tobias, Malcolm",
     title     = "{Dynamics of gravitational waves in 3D: Formulations,
                  methods, and  tests}",
     journal   = "Phys. Rev. D",
     volume    = "56",
     year      = "1997",
     pages     = "842-858",
     eprint    = "arXiv:gr-qc/9610057",
     doi       = "10.1103/PhysRevD.56.842",
     SLACcitation  = "%%CITATION = GR-QC/9610057;%%"
}

@Article{Anninos:1996ez,
  author =       {Peter Anninos and Karen Camarda and Joseph Libson
                  and Joan Mass{\'o} and Edward Seidel and Wai-Mo Suen},
  title =        {Finding apparent horizons in dynamic 3-D numerical
                  space-times},
  journal =      {Phys. Rev. D},
  volume =       58,
  pages =        024003,
  year =         1998,
  eprint =       {arXiv:gr-qc/9609059},
  doi =          {10.1103/PhysRevD.58.024003},
  adsurl =
                  {http://www.slac.stanford.edu/spires/find/hep/www?rawcmd=find+doi+10.1103/PhysRevD.58.024003},
  SLACcitation = "%%CITATION = GR-QC/9609059;%%",
}

@Article{Ansorg:2004ds,
  requested-for ={EinsteinInitialData/TwoPunctures},
  author =       {Ansorg, Marcus and Br{\"u}gmann, Bernd and Tichy,
                  Wolfgang},
  title =        {A single-domain spectral method for black hole
                  puncture data},
  journal =      {Phys. Rev. D},
  volume =       70,
  year =         2004,
  pages =        064011,
  eprint =       {arXiv:gr-qc/0404056},
  doi =          {10.1103/PhysRevD.70.064011},
  adsurl =
                  {http://www.slac.stanford.edu/spires/find/hep/www?rawcmd=find+doi+10.1103/PhysRevD.70.064011},
  SLACcitation = "%%CITATION = GR-QC/0404056;%%"
}

@article{Anton:2005gi,
      author         = "Anton, Luis and Zanotti, Olindo and Miralles, Juan A. and
                        Marti, Jose M. and Ibanez, Jose M. and others",
      title          = "{Numerical 3+1 general relativistic magnetohydrodynamics:
                        A Local characteristic approach}",
      journal        = "Astrophys. J.",
      volume         = "637",
      pages          = "296-312",
      doi            = "10.1086/498238",
      year           = "2006",
      eprint         = "arXiv:astro-ph/0506063",
      SLACcitation   = "%%CITATION = ASTRO-PH/0506063;%%",
}

@ARTICLE{Arnowitt:1962hi,
  author =       {Arnowitt, Richard L. and Deser, Stanley and Misner,
                  Charles W.},
  title =        {The dynamics of general relativity},
  journal =      {General Relativity and Gravitation},
  year =         2008,
  month =        sep,
  volume =       40,
  pages =        {1997-2027},
  doi =          {10.1007/s10714-008-0661-1},
  eprint =       {arXiv:gr-qc/0405109},
  adsurl =
                  {http://www.slac.stanford.edu/spires/find/hep/www?rawcmd=find+doi+10.1007/s10714-008-0661-1},
  SLACcitation = "%%CITATION = GR-QC/0405109;%%"
}

@Misc{Athenacode:web,
  title =        {{Athena code}},
  key =       {Athena code},
  url =          {https://trac.princeton.edu/Athena}
  }

##B ############################################################################

# was: Babiuc:11
@article{Babiuc:2010ze,
  requested-for ="PITTNullCode/*",
  author =       "Babiuc, M.C. and Szilagyi, B. and Winicour, J. and
                  Zlochower, Y.",
  title =        "{A Characteristic Extraction Tool for Gravitational
                  Waveforms}",
  journal =      "Phys. Rev. D",
  volume =       84,
  pages =        044057,
  doi =          "10.1103/PhysRevD.84.044057",
  year =         2011,
  eprint =       "arXiv:1011.4223 [gr-qc]",
}

@Article{Baiotti:2004wn,
  requested-for ="EinsteinEvolve/GRHydro",
  author =       "Luca Baiotti and Ian Hawke and Pedro J. Montero and
                  Frank L{\"o}ffler and Luciano Rezzolla and Nikolaos
                  Stergioulas and Jose A. Font and Ed Seidel",
  title =        "{Three-dimensional relativistic simulations of
                  rotating neutron star collapse to a Kerr black
                  hole}",
  journal =      "Phys. Rev. D",
  volume =       71,
  year =         2005,
  pages =        024035,
  eprint =       "arXiv:gr-qc/0403029",
  adsurl =
                  {http://www.slac.stanford.edu/spires/find/hep/www?rawcmd=find+doi+10.1103/PhysRevD.71.024035},
  doi =          "10.1103/PhysRevD.71.024035",
  SLACcitation = "%%CITATION = GR-QC/0403029;%%"
}

@Article{Baiotti:2005vi,
  author =       "Baiotti, Luca and Hawke, Ian and Rezzolla, Luciano
                  and Schnetter, Erik",
  title =        "{Gravitational-wave emission from rotating
                  gravitational collapse in three dimensions}",
  journal =      "Phys. Rev. Lett.",
  volume =       94,
  year =         2005,
  pages =        131101,
  eprint =       "arXiv:gr-qc/0503016",
  doi =          "10.1103/PhysRevLett.94.131101",
  SLACcitation = "%%CITATION = GR-QC/0503016;%%"
}

@article{Baiotti:2006wn,
  author =       "Baiotti, Luca and De Pietri, Roberto and Manca, Gian
                  Mario and Rezzolla, Luciano",
  title =        "{Accurate simulations of the dynamical barmode
                  instability in full General Relativity}",
  journal =      "Phys. Rev. D",
  volume =       75,
  pages =        044023,
  doi =          "10.1103/PhysRevD.75.044023",
  year =         2007,
  eprint =       "arXiv:astro-ph/0609473",
}

@article{Baiotti:2008ra,
  author =       "Baiotti, Luca and Giacomazzo, Bruno and Rezzolla,
                  Luciano",
  title =        "{Accurate evolutions of inspiralling neutron-star
                  binaries: prompt and delayed collapse to black
                  hole}",
  journal =      "Phys. Rev. D",
  volume =       "78",
  pages =        084033,
  doi =          "10.1103/PhysRevD.78.084033",
  year =         2008,
  eprint =       "arXiv:0804.0594 [gr-qc]",
}

@Article{Baiotti:2009gk,
  author =       "Baiotti, Luca and Giacomazzo, Bruno and Rezzolla,
                  Luciano",
  title =        "{Accurate evolutions of inspiralling neutron-star
                  binaries: assessment of the truncation error}",
  journal =      "Class. Quantum Grav.",
  volume =       26,
  year =         2009,
  pages =        114005,
  eprint =       "arXiv:0901.4955 [gr-qc]",
  doi =          "10.1088/0264-9381/26/11/114005",
  SLACcitation = "%%CITATION = 0901.4955;%%"
}

@article{Baiotti:2010zf,
  author =       "Baiotti, Luca and Hawke, Ian and Montero, Pedro J.
                  and Rezzolla, Luciano",
  title =        "{A new three-dimensional general-relativistic
                  hydrodynamics code}",
  journal =      "Mem. Soc. Ast. It.",
  volume =       74,
  pages =        "S210",
  year =         2003,
  eprint =       "arXiv:1004.3849 [gr-qc]",
}

@article{Baiotti:2010xh,
  author =       "Baiotti, Luca and Damour, Thibault and Giacomazzo,
                  Bruno and Nagar, Alessandro and Rezzolla, Luciano",
  title =        "{Analytic modelling of tidal effects in the
                  relativistic inspiral of binary neutron stars}",
  journal =      "Phys. Rev. Lett.",
  volume =       105,
  pages =        261101,
  doi =          "10.1103/PhysRevLett.105.261101",
  year =         2010,
  eprint =       "arXiv:1009.0521 [gr-qc]",
}

@article{Baiotti:2011am,
  author =       "Baiotti, Luca and Damour, Thibault and Giacomazzo,
                  Bruno and Nagar, Alessandro and Rezzolla, Luciano",
  title =        "{Accurate numerical simulations of inspiralling
                  binary neutron stars and their comparison with
                  effective-one-body analytical models}",
  journal =      "Phys. Rev. D",
  volume =       84,
  pages =        024017,
  year =         2011,
  eprint =       "arXiv:1103.3874 [gr-qc]",
}

@Article{Baker:2001sf,
  author =       "Baker, John G. and Campanelli, Manuela and Lousto,
                  Carlos O.",
  title =        "{The Lazarus project: A Pragmatic approach to binary
                  black hole evolutions}",
  journal =      "Phys. Rev. D",
  volume =       65,
  pages =        044001,
  doi =          "10.1103/PhysRevD.65.044001",
  year =         2002,
  eprint =       "arXiv:gr-qc/0104063",
}

@Article{Baker:2005vv,
  author =       {John G. Baker and Joan Centrella and Dae-Il Choi and
                  Michael Koppitz and James van Meter},
  title =        "Gravitational wave extraction from an inspiraling
                  configuration of merging black holes",
  journal =      {Phys. Rev. Lett.},
  volume =       96,
  year =         2006,
  pages =        111102,
  eprint =       {arXiv:gr-qc/0511103},
  SLACcitation = "%%CITATION = GR-QC 0511103;%%"
}

@Article{Baker:2006ha,
  author =       "Baker, John G. and van Meter, James R. and
                  McWilliams, Sean T. and Centrella, Joan and Kelly,
                  Bernard J.",
  title =        "{Consistency of post-Newtonian waveforms with
                  numerical relativity}",
  journal =      "Phys. Rev. Lett.",
  volume =       99,
  pages =        181101,
  doi =          "10.1103/PhysRevLett.99.181101",
  year =         2007,
  eprint =       "arXiv:gr-qc/0612024",
}

@Article{Baker:2006vn,
  author =       {John G. Baker and Joan Centrella and Dae-Il Choi and
                  Michael Koppitz and James R. van Meter and M.
                  Coleman Miller},
  title =        {Getting a kick out of numerical relativity},
  journal =      {Astrophys. J.},
  volume =       653,
  year =         2006,
  pages =        {L93-L96},
  eprint =       {arXiv:astro-ph/0603204},
  doi =          {10.1086/510448},
}

@Article{Baker:2006yw,
  author =       "Baker, John G. and Centrella, Joan and Choi, Dae-Il
                  and Koppitz, Michael and van Meter, James",
  title =        "Binary black hole merger dynamics and waveforms",
  journal =      "Phys. Rev. D",
  volume =       73,
  year =         2006,
  pages =        104002,
  eprint =       "arXiv:gr-qc/0602026",
  SLACcitation = "%%CITATION = GR-QC 0602026;%%"
}

@Article{Baker:2007gi,
  author =       {John G. Baker and William D. Boggs and Joan
                  Centrella and Bernard J. Kelly and Sean T.
                  McWilliams and M. Coleman Miller and James R. van
                  Meter},
  title =        {Modeling kicks from the merger of non-precessing
                  black-hole binaries},
  journal =      {Astrophys. J.},
  volume =       668,
  year =         2007,
  pages =        {1140-1144},
  eprint =       {arXiv:astro-ph/0702390},
  doi =          {10.1086/521330},
  SLACcitation = "%%CITATION = ASTRO-PH/0702390;%%"
}

@Article{Baker:2007fb,
  author =       "Baker, John G. and Campanelli, Manuela and
                  Pretorius, Frans and Zlochower, Yosef",
  title =        "{Comparisons of binary black hole merger waveforms}",
  journal =      "Class. Quantum Grav.",
  volume =       24,
  year =         2007,
  pages =        "S25-S31",
  eprint =       "arXiv:gr-qc/0701016",
  doi =          "10.1088/0264-9381/24/12/S03",
  SLACcitation = "%%CITATION = GR-QC/0701016;%%"
}

@Article{Baker:2007fk,
  author =       {John G. Baker and William D. Boggs and Joan M.
                  Centrella and Bernard J. Kelly and Sean T.
                  McWilliams and James R. van Meter},
  title =        {Gravitational waves from black-hole mergers},
  year =         2007,
  Eprint =       {arXiv:0708.4202 [astro-ph]},
  SLACcitation = "%%CITATION = 0708.4202;%%"
}

@Article{Balbus:1998zz,
   author = {{Balbus}, S.~A. and {Hawley}, J.~F.},
    title = "{Instability, turbulence, and enhanced transport in accretion disks}",
  journal = {Rev. of Mod. Phys.},
     year = 1998,
    month = jan,
   volume = 70,
    pages = {1-53},
      doi = {10.1103/RevModPhys.70.1},
   adsurl = {http://adsabs.harvard.edu/abs/1998RvMP...70....1B},
  adsnote = {Provided by the SAO/NASA Astrophysics Data System}
}

@article{Balsara:1998,
  author={Dinshaw S. Balsara},
  title={Total Variation Diminishing Scheme for Adiabatic and Isothermal Magnetohydrodynamics},
  journal={Astrophys. J. Suppl.},
  volume={116},
  number={1},
  pages={133},
  url={http://stacks.iop.org/0067-0049/116/i=1/a=133},
  year={1998}
}

@article{Balsara:1999aa,
   author = {{Balsara}, D.~S. and {Spicer}, D.~S.},
    title = "{A Staggered Mesh Algorithm Using High Order Godunov Fluxes to Ensure Solenoidal Magnetic Fields in Magnetohydrodynamic Simulations}",
  journal = {J. Comp. Phys.},
     year = 1999,
    month = mar,
   volume = 149,
    pages = {270-292},
      doi = {10.1006/jcph.1998.6153},
   adsurl = {http://adsabs.harvard.edu/abs/1999JCoPh.149..270B},
  adsnote = {Provided by the SAO/NASA Astrophysics Data System}
}

@ARTICLE{Balsara:2001aa,
   author = {{Balsara}, D.},
    title = "{Total Variation Diminishing Scheme for Relativistic Magnetohydrodynamics}",
  journal = {Astrophys. J. Suppl.},
     year = 2001,
    month = jan,
   volume = 132,
    pages = {83-101},
      doi = {10.1086/318941},
   adsurl = {http://adsabs.harvard.edu/abs/2001ApJS..132...83B},
  adsnote = {Provided by the SAO/NASA Astrophysics Data System}
}

@article{Banyuls:1997zz,
  author =       "Banyuls, Francesc and Font, Jose A. and Ibanez, Jose
                  M.A. and Marti, Jose M.A. and Miralles, Juan A.",
  title =        "{Numerical {3+1} General Relativistic Hydrodynamics:
                  A Local Characteristic Approach}",
  journal =      "Astrophys. J.",
  volume =       476,
  pages =        221,
  year =         1997,
}                  

@Article{Baumgarte:1998te,
     author    = "Baumgarte, Thomas W. and Shapiro, Stuart L.",
     title     = "{On the numerical integration of Einstein's field
                  equations}",
     journal   = "Phys. Rev. D",
     volume    = "59",
     year      = "1999",
     pages     = "024007",
     eprint    = "arXiv:gr-qc/9810065",
     doi       = "10.1103/PhysRevD.59.024007",
     SLACcitation  = "%%CITATION = GR-QC/9810065;%%"
}

@Article{Baumgarte:2006en,
  author =       "Thomas Baumgarte and Patrick Brady and Jolien D E
                  Creighton and Luis Lehner and Frans Pretorius and
                  Ricky DeVoe",
  title =        "Learning about compact binary merger: The interplay
                  between numerical relativity and gravitational-wave
                  astronomy",
  journal =      "Phys. Rev. D",
  volume =       77,
  pages =        084009,
  doi =          "10.1103/PhysRevD.77.084009",
  year =         2008,
  eprint =       "arXiv:gr-qc/0612100",
}

@BOOK{Baumgarte:2010nu,
   author = {{Baumgarte}, T.~W. and {Shapiro}, S.~L.},
    title = "{Numerical Relativity: Solving Einstein's Equations on the Computer}",
     year = 2010,
publisher = {Cambridge University Press},
     isbn = {978-0-52-151407-1},
   adsurl = {http://adsabs.harvard.edu/abs/2010nure.book.....B},
  adsnote = {Provided by the SAO/NASA Astrophysics Data System}
}

@article{Bentivegna:2012ei,
   author         = "Bentivegna, Eloisa and Korzynski, Mikolaj",
   title          = "{Evolution of a periodic eight-black-hole lattice in
                     numerical relativity}",
   journal        = "Class. Quant. Grav.",
   volume         = "29",
   pages          = "165007",
   year           = "2012",
   eprint         = "arXiv:1204.3568 [gr-qc]",
   doi            = "10.1088/0264-9381/29/16/165007"
}

@article{Berger:1984zza,
  author =       "Berger, Marsha J. and Oliger, Joseph",
  title =        "{Adaptive Mesh Refinement for Hyperbolic Partial
                  Differential Equations}",
  journal =      "J. Comput. Phys.",
  volume =       53,
  pages =        484,
  year =         1984,
}

@article{Bernuzzi:2011aq,
      author         = "Bernuzzi, Sebastiano and Thierfelder, Marcus and
                        Bruegmann, Bernd",
      title          = "{Accuracy of numerical relativity waveforms from binary
                        neutron star mergers and their comparison with
                        post-Newtonian waveforms}",
      year           = "2011",
      eprint         = "arXiv:1109.3611 [gr-qc]",
}

@Article{Berti:2007nw,
  author =       "Berti, Emanuele and Cardoso, Vitor and Gonzalez,
                  Jose A. and Sperhake, Ulrich and Br{\"u}gmann,
                  Bernd",
  title =        "{Multipolar analysis of spinning binaries}",
  journal =      "Class. Quantum Grav.",
  volume =       25,
  year =         2008,
  pages =        114035,
  eprint =       "arXiv:0711.1097 [gr-qc]",
  doi =          "10.1088/0264-9381/25/11/114035",
}

@article{Bishop:1998uk,
  requested-for ="PITTNullCode/*",
  author         = "Bishop, Nigel T. and Gomez, Roberto and Lehner, Luis and
                    Szilagyi, Bela and Winicour, Jeffrey and Isaacson, Richard A.",
  title          = "{Cauchy characteristic matching}",
  year           = "1998",
  eprint         = "arXiv:gr-qc/9801070",
}

@article{Blazewicz:2013aa,
      author = "Blazewicz, Marek and Hinder, Ian and Koppelman, David M. and Brandt, Steven R. and Ciznicki, Milosz and Kierzynka, Michal and L{\"o}ffler, Frank and Schnetter, Erik and Tao, Jian",
      title  = "{F}rom physics model to results: {A}n optimizing framework for cross-architecture code generation",
      journal = "Scientific Programming",
      year    = {2013},
      volume  = "21",
      number  = {1-2},
      pages   = {1-16},
      doi     = {10.3233/SPR-130360},
}

@article{Bocquet:1995je,
      author         = "Bocquet, M. and Bonazzola, S. and Gourgoulhon, E. and
                        Novak, J.",
      title          = "{Rotating neutron star models with magnetic field}",
      journal        = "Astron. Astrophys.",
      volume         = "301",
      pages          = "757",
      year           = "1995",
      eprint         = "arXiv:gr-qc/9503044",
      SLACcitation   = "%%CITATION = GR-QC/9503044;%%",
}

@Article{Bowen:1980yu,
  author =       "Bowen, Jeffrey M. and York, James W., Jr.",
  title =        "{Time asymmetric initial data for black holes and
                  black hole collisions}",
  journal =      "Phys. Rev. D",
  volume =       21,
  pages =        "2047-2056",
  doi =          "10.1103/PhysRevD.21.2047",
  year =         1980,
}

@Article{Boyle:2007ft,
     author    = "Boyle, Michael and Duncan A. Barrow and Lawrence E. Kidder and Abdul H. {Mrou\'e} and Harald P. Pfeiffer and Mark A. Scheel and Gregory B. Cook and Saul A. Teukolsky",
     title     = "{High-accuracy comparison of numerical relativity
                  simulations with post-Newtonian expansions}",
     journal   = "Phys. Rev. D",
     volume    = "76",
     year      = "2007",
     pages     = "124038",
     eprint    = "arXiv:0710.0158 [gr-qc]",
     doi       = "10.1103/PhysRevD.76.124038",
}

@phdthesis{Brandt:1996th,
   author  = {Brandt, Steven R.},
   title   = {Rotating Black Hole Spacetimes},
   school  = {University of Illinois at Urbana-Champaign},
   address = {Urbana, Illinois},
   year    = 1996,
   url = {http://hdl.handle.net/2142/18837},
}

@article{Brandt:1996si,
      author         = "Brandt, Steven R. and Seidel, Edward",
      title          = "{The Evolution of distorted rotating black holes. 3:
                        Initial data}",
      journal        = "Phys. Rev.",
      volume         = "D54",
      pages          = "1403-1416",
      doi            = "10.1103/PhysRevD.54.1403",
      year           = "1996",
      eprint         = "arXiv:gr-qc/9601010",
      SLACcitation   = "%%CITATION = GR-QC/9601010;%%",
}

@Article{Brandt:1997tf,
  author =       "Brandt, Steven and Br{\"u}gmann, Bernd",
  title =        "{Black hole punctures as initial data for general
                  relativity}",
  journal =      "Phys. Rev. Lett.",
  volume =       78,
  year =         1997,
  pages =        "3606-3609",
  eprint =       "arXiv:gr-qc/9703066",
  doi =          "10.1103/PhysRevLett.78.3606",
  SLACcitation = "%%CITATION = GR-QC/9703066;%%"
}

@inproceedings{Brandt:2010pi,
  title={{P}iraha: {A} simplified grammar parser for component little languages},
  author={Brandt, Steven R and Allen, Gabrielle},
  booktitle={Grid Computing (GRID), 2010 11th IEEE/ACM International Conference on},
  pages={379--382},
  year={2010},
  doi={10.1109/GRID.2010.5698011},
  organization={IEEE}
}

@Inproceedings{Brandt:2011a,
  title = {The Prickly Pear Archive},
  author = {Steven R. Brandt and Oleg Korobkin and Frank L{\"o}ffler 
            and Jian Tao and Erik Schnetter and Ian Hinder 
            and Dennis Castleberry and Michael Thomas},
  journal = {Procedia Computer Science},
  volume = 4, 
  pages = {750 - 758},
  year = 2011,
  note = {Proceedings of the International Conference on Computational Science, ICCS 2011},
  issn = {1877-0509},
  doi = {10.1016/j.procs.2011.04.079},
}

@Article{Brill:1959zz,
  author =       "Brill, Dieter R.",
  title =        "{On the positive definite mass of the
                  Bondi-Weber-Wheeler time-symmetric gravitational
                  waves}",
  journal =      "Annals Phys.",
  volume =       7,
  year =         1959,
  pages =        "466-483",
  SLACcitation = "%%CITATION = APNYA,7,466;%%"
}

@ARTICLE{Brio:1988aa,
   author = {{Brio}, M. and {Wu}, C.~C.},
    title = "{An upwind differencing scheme for the equations of ideal magnetohydrodynamics}",
  journal = {J. Comput. Phys.},
     year = 1988,
    month = apr,
   volume = 75,
    pages = {400-422},
      doi = {10.1016/0021-9991(88)90120-9},
   adsurl = {http://adsabs.harvard.edu/abs/1988JCoPh..75..400B},
  adsnote = {Provided by the SAO/NASA Astrophysics Data System}
}

@Article{Brown:2007pg,
  requested-for ="EinsteinInitialData/NoExcision",
  author =       "David Brown and Olivier Sarbach and Erik Schnetter
                  and Manuel Tiglio and Peter Diener and Ian Hawke and
                  Denis Pollney",
  title =        "{Excision without excision: the relativistic
                  turducken}",
  journal =      "Phys. Rev. D",
  volume =       76,
  year =         2007,
  pages =        081503,
  eprint =       "arXiv:0707.3101 [gr-qc]",
  doi =          "10.1103/PhysRevD.76.081503",
  SLACcitation = "%%CITATION = 0707.3101;%%"
}

@Article{Brown:2008sb,
     suggested-for ="Einsteinanalysis/Noexcision McLachlan/ML_BSSN",
     author =       "Brown, J. David and Diener, Peter and Sarbach,
                     Olivier and Schnetter, Erik and Tiglio, Manuel",
     title =        "{Turduckening black holes: an analytical and
                     computational study}",
     journal =      "Phys. Rev. D",
     volume =       "79",
     year =         2009,
     pages =        044023,
     eprint =       "arXiv:0809.3533 [gr-qc]",
     adsurl =          {http://www.slac.stanford.edu/spires/find/hep/www?rawcmd=find+doi+10.1103/PhysRevD.79.044023},
     doi =          "10.1103/PhysRevD.79.044023",
     SLACcitation = "%%CITATION = 0809.3533;%%"
}

@article{Brunnemann:2010yv,
      author         = "Brunnemann, Johannes and Rideout, David",
      title          = "{Oriented Matroids -- Combinatorial Structures Underlying
                        Loop Quantum Gravity}",
      journal        = "Class.Quant.Grav.",
      volume         = "27",
      pages          = "205008",
      doi            = "10.1088/0264-9381/27/20/205008",
      year           = "2010",
      eprint         = "arXiv:gr-qc/1003.2348",
}

@Article{Buonanno:2006ui,
  author =       "Buonanno, Alessandra and Cook, Gregory B. and
                  Pretorius, Frans",
  title =        "{Inspiral, merger and ring-down of equal-mass
                  black-hole binaries}",
  journal =      "Phys. Rev. D",
  volume =       75,
  year =         2007,
  pages =        124018,
  eprint =       "arXiv:gr-qc/0610122",
  doi =          "10.1103/PhysRevD.75.124018",
  SLACcitation = "%%CITATION = GR-QC/0610122;%%"
}

@Article{Buonanno:2007pf,
  author =       {Alessandra Buonanno and Yi Pan and John G. Baker and
                  Joan Centrella and Bernard J. Kelly and Sean T.
                  McWilliams and James R. van Meter},
  title =        "{Towards faithful templates for non-spinning binary
                  black holes using the effective-one-body approach}",
  journal =      "Phys. Rev. D",
  volume =       76,
  year =         2007,
  pages =        104049,
  eprint =       "arXiv:0706.3732 [gr-qc]",
  doi =          "10.1103/PhysRevD.76.104049",
  SLACcitation = "%%CITATION = 0706.3732;%%"
}

@article{Burrows:2007yx,
  author =       "Burrows, Adam and Dessart, Luc and Livne, Eli and
                  Ott, Christian D. and Murphy, Jeremiah",
  title =        "{Simulations of Magnetically-Driven Supernova and
                  Hypernova Explosions in the Context of Rapid
                  Rotation}",
  journal =      "Astrophys. J.",
  volume =       664,
  pages =        "416-434",
  doi =          "10.1086/519161",
  year =         2007,
  eprint =       "arXiv:astro-ph/0702539",
}

##C ############################################################################

@Misc{Cactuscode:web,
  suggested-for ={Cactus/Cactus},
  title =        {{Cactus Computational Toolkit}},
  key =       {Cactus developers},
  url =          {http://www.cactuscode.org/}
}

@Misc{Cactusprize:web,
  suggested-for ={Cactus/Cactus},
  title =        {{Cactus Computational Toolkit Prizes}},
  key =       {Cactus developers},
  url =          {http://cactuscode.org/media/prizes/}
}

@manual{CactusUsersGuide:web,
  key =          {cactususersguide},
  title =        {{C}actus Users' Guide},
  author =       {G. Allen and T. Goodale and G. Lanfermann and T.
                  Radke and D. Rideout and J. Thornburg},
  year =         2011,
  url =
                  {http://www.cactuscode.org/Guides/Stable/UsersGuide/UsersGuideStable.pdf}
}

@Misc{Cactuscode:BlueGene:web,
  key =          {Cactusbluegene},
  title =        {Cactus runs on 131,072 cores on {Blue Gene/P} at {ANL}},
  url =          {http://cactuscode.org/media/news/BGP-131072/},
}

@inproceedings{Camarda2001,
  author =       {K. Camarda and Y. He and K. Bishop},
  title =        {A Parallel Chemical Reaction Simulation Using
                  Cactus},
  booktitle = {Proceedings of the 2nd LCI International Conference: The HPC Revolution},
  address = {National Center for Supercomputing Applications (NCSA) in Urbana, Illinois},
  year =         2001,
  url = {http://www.linuxclustersinstitute.org/conferences/archive/2001/PDF/Camarda_KU.pdf}
}

@Article{Campanelli:2005dd,
  author =       "Campanelli, Manuela and Lousto, Carlos O. and
                  Marronetti, Pedro and Zlochower, Yosef",
  title =        "Accurate evolutions of orbiting black-hole binaries
                  without excision",
  journal =      "Phys. Rev. Lett.",
  volume =       96,
  year =         2006,
  pages =        111101,
  eprint =       "arXiv:gr-qc/0511048",
  SLACcitation = "%%CITATION = GR-QC 0511048;%%"
}

@Article{Campanelli:2006fg,
  author =       "Campanelli, Manuela and Lousto, Carlos O. and
                  Zlochower, Yosef",
  title =        "{Spin-orbit interactions in black-hole binaries}",
  journal =      "Phys. Rev. D",
  volume =       74,
  year =         2006,
  pages =        084023,
  eprint =       "arXiv:astro-ph/0608275",
  doi =          "10.1103/PhysRevD.74.084023",
  SLACcitation = "%%CITATION = ASTRO-PH/0608275;%%"
}

@Article{Campanelli:2006fy,
  author =       "Campanelli, Manuela and Lousto, Carlos O. and
                  Zlochower, Yosef and Krishnan, Badri and Merritt,
                  David",
  title =        "{Spin Flips and Precession in Black-Hole-Binary
                  Mergers}",
  journal =      "Phys. Rev. D",
  volume =       75,
  year =         2007,
  pages =        064030,
  eprint =       "arXiv:gr-qc/0612076",
  doi =          "10.1103/PhysRevD.75.064030",
  SLACcitation = "%%CITATION = GR-QC/0612076;%%"
}

@Article{Campanelli:2006uy,
  author =       "Campanelli, Manuela and Lousto, Carlos O. and
                  Zlochower, Yosef",
  title =        "Gravitational radiation from spinning-black-hole
                  binaries: The orbital hang up",
  journal =      "Phys. Rev. D",
  volume =       74,
  year =         2006,
  pages =        041501,
  eprint =       "arXiv:gr-qc/0604012",
  SLACcitation = "%%CITATION = GR-QC 0604012;%%"
}

@Article{Campanelli:2007ew,
  author =       "Campanelli, Manuela and Lousto, Carlos O. and
                  Zlochower, Yosef and Merritt, David",
  title =        "Large Merger Recoils and Spin Flips From Generic
                  Black-Hole Binaries",
  journal =      "Astrophys. J.",
  volume =       659,
  year =         2007,
  pages =        "L5-L8",
  eprint =       "arXiv:gr-qc/0701164",
  SLACcitation = "%%CITATION = GR-QC/0701164;%%"
}

@Article{Campanelli:2008nk,
  author =       "Campanelli, Manuela and Lousto, Carlos O. and
                  Nakano, Hiroyuki and Zlochower, Yosef",
  title =        "{Comparison of Numerical and Post-Newtonian
                  Waveforms for Generic Precessing Black-Hole
                  Binaries}",
  journal =      "Phys. Rev. D",
  volume =       79,
  year =         2009,
  pages =        084010,
  eprint =       "arXiv:0808.0713 [gr-qc]",
  SLACcitation = "%%CITATION = 0808.0713;%%"
}

@Misc{CarpetCode:web,
  key =          {Carpet},
  suggested-for ={Carpet/Carpet},
  note =         {{Carpet}: Adaptive Mesh Refinement for the {Cactus}
                  Framework},
  url =          {http://www.carpetcode.org/},
}

@article{Centrella:2010mx,
      author         = "Centrella, Joan and Baker, John G. and Kelly, Bernard J.
                        and van Meter, James R.",
      title          = "{Black-hole binaries, gravitational waves, and numerical
                        relativity}",
      journal        = "Rev. Mod. Phys.",
      volume         = "82",
      doi            = "10.1103/RevModPhys.82.3069",
      year           = "2010",
  pages =       "3069-3119",
      eprint         = "arXiv:1010.5260 [gr-qc]",
}

@article{Chawla:2010sw,
  author =       "Sarvnipun Chawla and Matthew Anderson and Michael
                  Besselman and Luis Lehner and Steven L. Liebling and
                  Patrick M. Motl and David Neilsen",
  title =        "{Mergers of Magnetized Neutron Stars with Spinning
                  Black Holes: Disruption, Accretion and Fallback}",
  journal =      "Phys. Rev. Lett.",
  volume =       105,
  pages =        111101,
  doi =          "10.1103/PhysRevLett.105.111101",
  year =         2010,
  eprint =       "arXiv:1006.2839 [gr-qc]",
}

@inproceedings{Childs:2005ACS,
  title     = "A Contract-Based System for Large Data Visualization",
  journal   = "IEEE Visualization 2005", 
  booktitle = "Proceedings of IEEE Visualization 2005",
  author    = "Hank Childs AND Eric S. Brugger AND Kathleen S. Bonnell AND Jeremy S. Meredith AND Mark Miller AND Brad J. Whitlock AND Nelson Max ",
  year      = "2005",
  keywords  = "large data, data flow networks, contract-based system",
  pages     = "190--198",
  location  = "Minneapolis, Minnesota", 
}

@article{Christodoulou:1970wf,
      author         = "Christodoulou, D.",
      title          = "{Reversible and Irreversible Transformations in Black-Hole Physics}" ,
      journal        = "Phys. Rev. Lett.",
      volume         = "25",
      pages          = "1596-1597",
      doi            = "10.1103/PhysRevLett.25.1596",
      year           = "1970",
      SLACcitation   = "%%CITATION = PRLTA,25,1596;%%",
}

@article{Colella:1982ee,
  author =       "Colella, Phillip and Woodward, Paul R.",
  title =        "{The Piecewise Parabolic Method (PPM) for Gas
                  Dynamical Simulations}",
  journal =      "J. Comp. Phys.",
  volume =       54,
  pages =        "174-201",
  doi =          "10.1016/0021-9991(84)90143-8",
  year =         1984,
}

@misc{cudaweb,
  title =         {{CUDA}: Compute Unified Device Architecture},
  url =          {http://developer.nvidia.com/category/zone/cuda-zone},
}

##D ############################################################################
@ARTICLE{Devore:1991aa,
   author = {{Devore}, C.~R.},
    title = "{Flux-corrected transport techniques for multidimensional compressible magnetohydrodynamics}",
  journal = {J. Comput. Phys.},
     year = 1991,
    month = jan,
   volume = 92,
    pages = {142-160},
      doi = {10.1016/0021-9991(91)90295-V},
   adsurl = {http://adsabs.harvard.edu/abs/1991JCoPh..92..142D},
  adsnote = {Provided by the SAO/NASA Astrophysics Data System}
}

@article{DelZanna:2002rv,
       suggested-for = {WVUThorns/IllinoisGRMHD},
      author         = "Del Zanna, Luca and Bucciantini, Niccol{\'o} and 
                        Londrillo, Pasquale",
      title          = "{An efficient shock-capturing central-type scheme for
                        multidimensional relativistic flows. 2.
                        Magnetohydrodynamics}",
      journal        = "Astron. Astrophys.",
      volume         = "400",
      pages          = "397-414",
      doi            = "10.1051/0004-6361:20021641",
      year           = "2003",
      eprint         = "arXiv:astro-ph/0210618 [astro-ph]",
      SLACcitation   = "%%CITATION = ASTRO-PH/0210618;%%",
}

@article{DelZanna:2007pk,
  author =       "Del Zanna, Luca and Zanotti, Olindo and Bucciantini,
                  Niccol{\'o} and Londrillo, Pasquale",
  title =        "{ECHO: an Eulerian Conservative High Order scheme
                  for general relativistic magnetohydrodynamics and
                  magnetodynamics}",
  journal =      {Astron. Astrophys.},
  year =         2007,
  month =        oct,
  volume =       473,
  pages =        {11-30},
  doi =          {10.1051/0004-6361:20077093},
  eprint =       "arXiv:0704.3206 [astro-ph]",
}

@Article{Diener:2003jc,
  requested-for ="EinsteinAnalysis/EHFinder",
  author =       "Diener, Peter",
  title =        "{A new general purpose event horizon finder for 3D
                  numerical spacetimes}",
  journal =      "Class. Quantum Grav.",
  volume =       20,
  year =         2003,
  pages =        "4901-4918",
  eprint =       "arXiv:gr-qc/0305039",
  adsurl =
                  {http://www.slac.stanford.edu/spires/find/hep/www?rawcmd=find+doi+10.1088/0264-9381/20/22/014},
  doi =          "10.1088/0264-9381/20/22/014",
  SLACcitation = "%%CITATION = GR-QC/0305039;%%"
}

@Article{Diener:2005tn,
     requested-for = "LSUThorns/SummationByParts",
     author =       "Diener, Peter and Dorband, Ernst Nils and Schnetter,
                     Erik and Tiglio, Manuel",
     title =        "{New, efficient, and accurate high order derivative
                     and dissipation operators satisfying summation by
                     parts, and applications in three-dimensional
                     multi-block evolutions}",
     journal =      "J. Sci. Comput.",
     volume =       32,
     year =         2007,
     pages =        "109-145",
     eprint =       "arXiv:gr-qc/0512001",
     adsurl =          {http://www.slac.stanford.edu/spires/find/hep/www?rawcmd=find+doi+10.1007/s10915-006-9123-7},
     doi =          "10.1007/s10915-006-9123-7",
     SLACcitation = "%%CITATION = GR-QC/0512001;%%"
}

@article{Dionysopoulou:2012zv,
      author         = "Dionysopoulou, Kyriaki and Alic, Daniela and Palenzuela,
                        Carlos and Rezzolla, Luciano and Giacomazzo, Bruno",
      title          = "{General-Relativistic Resistive Magnetohydrodynamics in
                        three dimensions: formulation and tests}",
      journal        = "Phys. Rev. D 88,",
      volume         = "044020",
      doi            = "10.1103/PhysRevD.88.044020",
      year           = "2013",
      eprint         = "arXiv:1208.3487 [gr-qc]",
      SLACcitation   = "%%CITATION = ARXIV:1208.3487;%%",
}

@article{Dimmelmeier:2007ui,
      author         = "Dimmelmeier, Harald and Ott, Christian D. and Janka,
                        Hans-Thomas and Marek, Andreas and Mueller, Ewald",
      title          = "{Generic Gravitational Wave Signals from the Collapse of
                        Rotating Stellar Cores}",
      journal        = "Phys. Rev. Lett.",
      volume         = "98",
      pages          = "251101",
      doi            = "10.1103/PhysRevLett.98.251101",
      year           = "2007",
      eprint         = "arXiv:astro-ph/0702305",
}

@article{Djikstra2005,
  author =       "Djikstra, Fokke and {van der Steen}, Aad J.",
  title =        "{Integration of two ocean models within Cactus}",
  journal =      "Concurrency and Computation: Practice and
                  Experience",
  volume =       18,
  pages =        "193-202",
  doi =          "10.1002/cpe.917",
  year =         2006,
}

@ARTICLE{Donat:1996cs,
   author = {{Donat}, R. and {Marquina}, A.},
    title = "{Capturing Shock Reflections: An Improved Flux Formula}",
  journal = {J. Comp. Phys.},
     year = 1996,
    month = apr,
   volume = 125,
    pages = {42-58},
      doi = {10.1006/jcph.1996.0078},
   adsurl = {http://adsabs.harvard.edu/abs/1996JCoPh.125...42D},
  adsnote = {Provided by the SAO/NASA Astrophysics Data System}
}

@article{Douchin:2001sv,
  author =       "Douchin, F. and Haensel, P.",
  title =        "{A unified equation of state of dense matter and
                  neutron star structure}",
  journal =      {Astron. Astrophys.},
  eprint =       {arXiv:astro-ph/0111092},
  year =         2001,
  month =        dec,
  volume =       380,
  pages =        {151-167},
}

@article{Dreyer:2002mx,
  requested-for ="LSUThorns/QuasiLocalMeasures",
  author =       "Dreyer, Olaf and Krishnan, Badri and Shoemaker,
                  Deirdre and Schnetter, Erik",
  title =        "{Introduction to isolated horizons in numerical
                  relativity}",
  journal =      "Phys. Rev. D",
  volume =       67,
  pages =        024018,
  doi =          "10.1103/PhysRevD.67.024018",
  year =         2003,
  eprint =       "arXiv:gr-qc/0206008",
}

@article{Duez:2005sf,
  author =       "Duez, Matthew D. and Liu, Yuk Tung and Shapiro,
                  Stuart L. and Stephens, Branson C.",
  title =        "{Relativistic magnetohydrodynamics in dynamical
                  spacetimes: Numerical methods and tests}",
  journal =      "Phys. Rev. D",
  volume =       72,
  pages =        024028,
  doi =          "10.1103/PhysRevD.72.024028",
  year =         2005,
  eprint =       "arXiv:astro-ph/0503420",
}

@Article{Duez:2005cj,
  author =       "Duez, Matthew D. and Liu, Yuk Tung and Shapiro,
                  Stuart L. and Shibata, Masaru and Stephens, Branson
                  C.",
  title =        "{Collapse of magnetized hypermassive neutron stars
                  in general relativity}",
  journal =      "Phys. Rev. Lett.",
  volume =       96,
  year =         2006,
  pages =        031101,
  eprint =       "arXiv:astro-ph/0510653",
  doi =          "10.1103/PhysRevLett.96.031101",
  SLACcitation = "%%CITATION = ASTRO-PH/0510653;%%"
}

@Article{Duez:2008rb,
  author =       "Matthew D. Duez and Francois Foucart and Lawrence E.
                  Kidder and Harald P. Pfeiffer and Mark A. Scheel and
                  Saul A. Teukolsky",
  title =        "{Evolving black hole-neutron star binaries in
                  general relativity using pseudospectral and finite
                  difference methods}",
  journal =      "Phys. Rev. D",
  volume =       78,
  year =         2008,
  pages =        104015,
  eprint =       "arXiv:0809.0002 [gr-qc]",
  doi =          "10.1103/PBhysRevD.78.104015",
  SLACcitation = "%%CITATION = 0809.0002;%%"
}

@article{Duez:2009yy,
  author =       "Duez, Matthew D. and Foucart, Francois and Kidder,
                  Lawrence E. and Ott, Christian D. and Teukolsky,
                  Saul A.",
  title =        "{Equation of state effects in black hole-neutron
                  star mergers}",
  journal =      "Class. Quantum Grav.",
  volume =       27,
  pages =        114106,
  doi =          "10.1088/0264-9381/27/11/114106",
  year =         2010,
  eprint =       "arXiv:0912.3528 [astro-ph.HE]",
}

@article{Duez:2009yz,
  author =       "Duez, Matthew D.",
  title =        "{Numerical relativity confronts compact neutron star
                  binaries: a review and status report}",
  journal =      "Class. Quantum Grav.",
  volume =       27,
  pages =        114002,
  doi =          "10.1088/0264-9381/27/11/114002",
  year =         2010,
  eprint =       "arXiv:0912.3529 [astro-ph.HE]",
}
                  
##E ############################################################################

@article{Einfeldt:1988og,
    AUTHOR = {Einfeldt, Bernd},
     TITLE = {On {G}odunov-type methods for gas dynamics},
   JOURNAL = {SIAM J. Numer. Anal.},
  FJOURNAL = {SIAM Journal on Numerical Analysis},
    VOLUME = {25},
      YEAR = {1988},
    NUMBER = {2},
     PAGES = {294--318},
     CODEN = {SJNAAM},
   MRCLASS = {65M05 (76-08 76N15)},
  MRNUMBER = {933726 (89e:65086)},
MRREVIEWER = {B. M. Herbst},
       DOI = {10.1137/0725021},
 }

@Misc{EinsteinToolkit:web,
  key =          {EinsteinToolkit},
  title =        {{Einstein Toolkit}: Open software for relativistic
                  astrophysics},
  url =          {http://einsteintoolkit.org/},
}

@misc{EinsteinToolkit:ascl,
  author = {{Collaborative Effort}},
  title = "{Einstein Toolkit for Relativistic Astrophysics}",
  howpublished = {Astrophysics Source Code Library},
  year = 2011,
  month = feb,
  eprint = {ascl:1102.014},
  adsurl = {http://adsabs.harvard.edu/abs/2011ascl.soft02014C},
}

@Article{Etienne:2007jg,
  author =       "Etienne, Zachariah B. and Faber, Joshua A. and Liu,
                  Yuk Tung and Shapiro, Stuart L. and Taniguchi,
                  Keisuke and Baumgarte, Thomas W.",
  title =        "{Fully General Relativistic Simulations of Black
                  Hole-Neutron Star Mergers}",
  journal =      "Phys. Rev. D",
  volume =       77,
  year =         2008,
  pages =        084002,
  eprint =       "arXiv:0712.2460 [astro-ph]",
  doi =          "10.1103/PhysRevD.77.084002",
  SLACcitation = "%%CITATION = 0712.2460;%%"
}

@article{Etienne:2008re,
  author =       "Etienne, Zachariah B. and Liu, Yuk Tung and Shapiro,
                  Stuart L. and Baumgarte, Thomas W.",
  title =        "{General relativistic simulations of
                  black-hole-neutron-star mergers: Effects of
                  black-hole spin}",
  journal =      "Phys. Rev. D",
  volume =       79,
  pages =        044024,
  doi =          "10.1103/PhysRevD.79.044024",
  year =         2009,
  eprint =       "arXiv:0812.2245 [astro-ph]",
}

@article{Etienne:2010ui,
      author         = "Etienne, Zachariah B. and Liu, Yuk Tung and Shapiro,
                        Stuart L.",
      title          = "{Relativistic magnetohydrodynamics in dynamical
                        spacetimes: A new AMR implementation}",
      journal        = "Phys. Rev. D",
      volume         = "82",
      pages          = "084031",
      doi            = "10.1103/PhysRevD.82.084031",
      year           = "2010",
      eprint         = "arXiv:1007.2848 [astro-ph.HE]",
}

@article{Etienne:2011ea,
      author         = "Etienne, Zachariah B. and Liu, Yuk Tung and Paschalidis,
                        Vasileios and Shapiro, Stuart L.",
      title          = "{General relativistic simulations of black hole-neutron
                        star mergers: Effects of magnetic fields}",
      journal        = "Phys. Rev. D",
      volume         = "85",
      pages          = "064029",
      doi            = "10.1103/PhysRevD.85.064029",
      year           = "2012",
      eprint         = "arXiv:1112.0568 [astro-ph.HE]",
      SLACcitation   = "%%CITATION = ARXIV:1112.0568;%%",
}
@article{Etienne:2011re,
        author         = "Etienne, Zachariah B. and Paschalidis, Vasileios and Liu,
                        Yuk Tung and Shapiro, Stuart L.",
      title          = "{Relativistic MHD in dynamical spacetimes: Improved EM
                        gauge condition for AMR grids}",
      journal        = "Phys. Rev. D",
      volume         = "85",
      pages          = "024013",
      doi            = "10.1103/PhysRevD.85.024013",
      year           = "2012",
      eprint         = "arXiv:1110.4633 [astro-ph.HE]",
      SLACcitation   = "%%CITATION = ARXIV:1110.4633;%%",
}  

@article{Etienne:2015cea,
       requested-for = {WVUThorns/IllinoisGRMHD},
      author         = "Etienne, Zachariah B. and Paschalidis, Vasileios and
                        Haas, Roland and Mösta, Philipp and Shapiro, Stuart L.",
      title          = "{IllinoisGRMHD: An Open-Source, User-Friendly GRMHD Code
                        for Dynamical Spacetimes}",
      journal        = "Class. Quant. Grav.",
      volume         = "32",
      year           = "2015",
      number         = "17",
      pages          = "175009",
      doi            = "10.1088/0264-9381/32/17/175009",
      eprint         = "arXiv:1501.07276 [astro-ph.HE]",
      SLACcitation   = "%%CITATION = ARXIV:1501.07276;%%"
}
##F ############################################################################

@article{Faber:2009zz,
  author =       "Faber, Joshua",
  title =        "{Status of neutron star-black hole and binary
                  neutron star simulations}",
  journal =      "Class. Quantum Grav.",
  volume =       26,
  pages =        114004,
  doi =          "10.1088/0264-9381/26/11/114004",
  year =         2009,
}

@article{Farris:2008fe,
  author =       "Farris, Brian D. and Li, Tsz Ka and Liu, Yuk Tung
                  and Shapiro, Stuart L.",
  title =        "{Relativistic Radiation Magnetohydrodynamics in
                  Dynamical Spacetimes: Numerical Methods and Tests}",
  journal =      "Phys. Rev. D",
  volume =       78,
  pages =        024023,
  doi =          "10.1103/PhysRevD.78.024023",
  year =         2008,
  eprint =       "arXiv:0802.3210 [astro-ph]",
}

@article{Font:2001ew,
      author         = "Font, Jose A. and Goodale, Tom and Iyer, Sai and Miller,
                        Mark A. and Rezzolla, Luciano and Seidel, Edward and Stergioulas, Nikolaos and Suen, Wai-Mo
                        and Tobias, Malcolm",
      title          = "{Three-dimensional general relativistic hydrodynamics. 2.
                        Long term dynamics of single relativistic stars}",
      journal        = "Phys. Rev. D",
      volume         = "65",
      pages          = "084024",
      doi            = "10.1103/PhysRevD.65.084024",
      year           = "2002",
      eprint         = "arXiv:gr-qc/0110047",
}

# was: Font:2008aa
@article{Font:2007zz,
  author =       "Font, Jos{\'e} A.",
  title =        "{{N}umerical {H}ydrodynamics and {M}agnetohydrodynamics in
                  {G}eneral {R}elativity}",
  journal =      "Living Rev. Relativity",
  volume =       11,
  number =       7,
  url={http://www.livingreviews.org/lrr-2008-7},
  year =         2008,
}

@ARTICLE{Font:2011aa,
  author =       {{Font}, J.~A. and {Cerd{\'a}-Dur{\'a}n}, P. and
                  {Gabler}, M. and {M{\"u}ller}, E. and {Stergioulas},
                  N.},
  title =        "{Relativistic MHD simulations of stellar core
                  collapse and magnetars}",
  journal =      {J. Phys. Conf. Ser.},
  year =         2011,
  month =        feb,
  volume =       283,
  number =       1,
  pages =        {012011},
  doi =          {10.1088/1742-6596/283/1/012011},
  adsurl =       {http://adsabs.harvard.edu/abs/2011JPhCS.283a2011F},
  adsnote =      {Provided by the SAO/NASA Astrophysics Data System}
}

@article{Foucart:2010eq,
  author =       "Foucart, Francois and Duez, Matthew D. and Kidder,
                  Lawrence E. and Teukolsky, Saul A.",
  title =        "{Black hole-neutron star mergers: effects of the
                  orientation of the black hole spin}",
  journal =      "Phys. Rev. D",
  volume =       83,
  pages =        024005,
  doi =          "10.1103/PhysRevD.83.024005",
  year =         2011,
  eprint =       "arXiv:1007.4203 [astro-ph.HE]",
}

@article{Foucart:2011mz,
  author =       "Foucart, Francois and Duez, Matthew D. and Kidder,
                  Lawrence E. and Scheel, Mark A. and Szilagyi, Bela
                  and others",
  title =        "{Black hole-neutron star mergers for 10 solar mass
                  black holes}",
  journal = {Phys. Rev. D},
  volume = {85},
  issue = {4},
  pages = {044015},
  numpages = {12},
  year = {2012},
  month = {Feb},
  doi = {10.1103/PhysRevD.85.044015},
  eprint =       "arXiv:1111.1677 [gr-qc]",
}

@article{Franci:2013mma,
      author         = "Franci, Luca and De Pietri, Roberto and Dionysopoulou,
                        Kyriaki and Rezzolla, Luciano",
      title          = "{Dynamical bar-mode instability in rotating and
                        magnetized relativistic stars}",
      journal        = "Phys.Rev.",
      number         = "10",
      volume         = "D88",
      pages          = "104028",
      doi            = "10.1103/PhysRevD.88.104028",
      year           = "2013",
      eprint         = "arXiv:gr-qc/1308.3989",
}

##G ############################################################################

@Book{Galassi:2009,
  author =       {M. Galassi and J. Davies and J. Theiler and B. Gough
                  and G. Jungman and P. Alken and M. Booth and F.
                  Rossi},
  title =        {{GNU} Scientific Library Reference Manual},
  publisher =    {Network Theory Ltd.},
  year =         2009,
  edition =      {3rd edition},
  isbn =         {0-9546120-7-8},
}

@article{Gammie:2003rj,
      author         = "Gammie, Charles F. and McKinney, Jonathan C. and Toth,
                        Gabor",
      title          = "{HARM: A Numerical scheme for general relativistic
                        magnetohydrodynamics}",
      journal        = "Astrophys. J.",
      volume         = "589",
      pages          = "444-457",
      doi            = "10.1086/374594",
      year           = "2003",
      eprint         = "arXiv:astro-ph/0301509",
      SLACcitation   = "%%CITATION = ASTRO-PH/0301509;%%",
}

@article{Giacomazzo:2005jy,
      author         = "Giacomazzo, Bruno and Rezzolla, Luciano",
      title          = "{The Exact solution of the Riemann problem in
                        relativistic MHD}",
      journal        = "J. Fluid Mech.",
    year = 2006,
    month = sep,
   volume = 562,
    pages = {223-259},
      doi = {10.1017/S0022112006001145},
      eprint         = "arXiv:gr-qc/0507102",
      SLACcitation   = "%%CITATION = GR-QC/0507102;%%",
}

@misc{Giacomazzo:Riemann_code,
      author         = "Giacomazzo, Bruno and Rezzolla, Luciano",
      title          = "{An Exact Riemann Solver for
                        Relativistic MHD}",
      url = {http://www.brunogiacomazzo.org/exactriemannsolv.html},
}

@phdthesis{Giacomazzo:2007fe,
   author  = {Giacomazzo, Bruno},
   title   = {General Relativistic Magnetohydrodynamics: fundamental aspects and applications},
   school  = {SISSA Scuola Internazionale Superiore di Studi Avanzati},
   address = {Trieste, ITALY},
   year    = 2007,
   url = {http://digitallibrary.sissa.it/handle/1963/1916},
}

@Article{Giacomazzo:2007ti,
  suggested-for ="EinsteinEvolve/GRHydro",
  author =       "Giacomazzo, Bruno and Rezzolla, Luciano",
  title =        "{WhiskyMHD: a new numerical code for general
                  relativistic magnetohydrodynamics}",
  journal =      "Class. Quantum Grav.",
  volume =       24,
  year =         2007,
  pages =        "S235-S258",
  eprint =       "arXiv:gr-qc/0701109",
  adsurl =
                  {http://www.slac.stanford.edu/spires/find/hep/www?rawcmd=find+doi+10.1088/0264-9381/24/12/S16},
  doi =          "10.1088/0264-9381/24/12/S16",
  SLACcitation = "%%CITATION = GR-QC/0701109;%%"
}

@article{Giacomazzo:2009mp,
  author =       "Giacomazzo, Bruno and Rezzolla, Luciano and Baiotti,
                  Luca",
  title =        "{Can magnetic fields be detected during the inspiral
                  of binary neutron stars?}",
  journal =      "Mon. Not. Roy. Astron. Soc.",
  volume =       399,
  pages =        "L164-L168",
  year =         2009,
  eprint =       "arXiv:0901.2722 [gr-qc]",
}

@article{Giacomazzo:2010bx,
  author =       "Giacomazzo, Bruno and Rezzolla, Luciano and Baiotti,
                  Luca",
  title =        "{Accurate evolutions of inspiralling and magnetized
                  neutron-stars: Equal-mass binaries}",
  journal =      "Phys. Rev. D",
  volume =       83,
  pages =        044014,
  doi =          "10.1103/PhysRevD.83.044014",
  year =         2011,
  eprint =       "arXiv:1009.2468 [gr-qc]",
}

@article{Giacomazzo:2012iv,
      author         = "Giacomazzo, Bruno and Baker, John G. and Miller, M.
                        Coleman and Reynolds, Christopher S. and van Meter, James
                        R.",
      title          = "{General Relativistic Simulations of Magnetized Plasmas
                        around Merging Supermassive Black Holes}",
      journal        = "Astrophys. J. Lett.",
      volume         = "752",
      pages          = "L15",
      year           = "2012",
      eprint         = "arXiv:1203.6108 [astro-ph.HE]",
      SLACcitation   = "%%CITATION = ARXIV:1203.6108;%%",
}

@Misc{GSL:web,
  key =          {GSL},
  title =        {{GSL}: The {GNU} Scientific Library},
  url =          {http://www.gnu.org/software/gsl/},
}

@Article{Gonzalez:2006md,
     author    = "Gonzalez, Jose A. and Sperhake, Ulrich and Br{\"u}gmann, Bernd
                  and Hannam, Mark D. and Husa, Sascha",
     title     = "Total recoil: the maximum kick from nonspinning black-hole
                  binary inspiral",
     journal   = "Phys. Rev. Lett.",
     volume    = "98",
     year      = "2007",
     pages     = "091101",
     eprint    = "arXiv:gr-qc/0610154",
}

@Article{Gonzalez:2007hi,
     author    = "Gonzalez, Jos{\'e} A. and Hannam, Mark D. and Sperhake, Ulrich and
                  Br{\"u}gmann, Bernd and Husa, Sascha",
     title     = "{Supermassive kicks for spinning black holes}",
     journal   = "Phys. Rev. Lett.",
     volume    = "98",
     year      = "2007",
     pages     = "231101",
     eprint    = "arXiv:gr-qc/0702052",
     doi       = "10.1103/PhysRevLett.98.231101",
}

@InProceedings{Goodale:2002a,
  suggested-for ={Cactus/Cactus},
  author =       {Tom Goodale and Gabrielle Allen and Gerd Lanfermann
                  and Joan Mass{\'o} and Thomas Radke and Edward
                  Seidel and John Shalf},
  title =        {The {Cactus} Framework and Toolkit: Design and
                  Applications},
  booktitle =    {Vector and Parallel Processing -- VECPAR'2002, 5th
                  International Conference, Lecture Notes in Computer
                  Science},
  year =         2003,
  address =      {Berlin},
  publisher =    {Springer},
  url =          {http://edoc.mpg.de/3341},
}

@article{Gold:2011df,
      author         = "Gold, Roman and Bernuzzi, Sebastiano and Thierfelder,
                        Marcus and Bruegmann, Bernd and Pretorius, Frans",
      title          = "{Eccentric binary neutron star mergers}",
      year           = "2011",
      eprint         = "arXiv:1109.5128 [gr-qc]",
}

@Article{Gopakumar:2007vh,
  author =       "Gopakumar, Achamveedu and Hannam, Mark and Husa,
                  Sascha and Br{\"u}gmann, Bernd",
  title =        "{Comparison between numerical relativity and a new
                  class of post-Newtonian gravitational-wave phase
                  evolutions: the non-spinning equal-mass case}",
  journal =      "Phys. Rev. D",
  volume =       78,
  year =         2008,
  pages =        064026,
  eprint =       "arXiv:0712.3737 [gr-qc]",
  doi =          "10.1103/PhysRevD.78.064026",
  SLACcitation = "%%CITATION = 0712.3737;%%"
}

@ARTICLE{Gourgoulhon:1991aa,
   author = {{Gourgoulhon}, E.},
    title = "{Simple equations for general relativistic hydrodynamics in spherical symmetry applied to neutron star collapse}",
  journal = {Astron. Astrophys.},
 keywords = {BLACK HOLES (ASTRONOMY), GRAVITATIONAL COLLAPSE, NEUTRON STARS, RELATIVITY, BARYONS, EQUATIONS OF STATE, EULER EQUATIONS OF MOTION, HYDRODYNAMIC EQUATIONS, STELLAR OSCILLATIONS},
     year = 1991,
    month = dec,
   volume = 252,
    pages = {651-663},
   adsurl = {http://adsabs.harvard.edu/abs/1991A%26A...252..651G},
}

@Article{Gourgoulhon:2000nn,
  requested-for ="EinsteinInitialData/Meudon_Bin_NS",
  author =       "Gourgoulhon, Eric and Grandclement, Philippe and
                  Taniguchi, Keisuke and Marck, Jean-Alain and
                  Bonazzola, Silvano",
  title =        "{Quasiequilibrium sequences of synchronized and
                  irrotational binary neutron stars in general
                  relativity. I. Method and tests}",
  journal =      "Phys. Rev. D",
  volume =       63,
  year =         2001,
  pages =        064029,
  eprint =       "arXiv:gr-qc/0007028",
  adsurl =
                  {http://www.slac.stanford.edu/spires/find/hep/www?rawcmd=find+doi+10.1103/PhysRevD.63.064029},
  doi =          "10.1103/PhysRevD.63.064029",
  SLACcitation = "%%CITATION = GR-QC/0007028;%%"
}

@Article{Gourgoulhon:2001ec,
  requested-for ="EinsteinInitialData/Meudon_Bin_BH",
  author =       "Gourgoulhon, Eric and Grandclement, Philippe and
                  Bonazzola, Silvano",
  title =        "{Binary black holes in circular orbits. I. A global
                  spacetime approach}",
  journal =      "Phys. Rev. D",
  volume =       65,
  year =         2002,
  pages =        044020,
  eprint =       "arXiv:gr-qc/0106015",
  adsurl =
                  {http://www.slac.stanford.edu/spires/find/hep/www?rawcmd=find+eprint+},
  doi =          "10.1103/PhysRevD.65.044020",
  SLACcitation = "%%CITATION = GR-QC/0106015;%%"
}

@article{Gowdy:1971jh,
      author         = "Gowdy, R.H.",
      title          = "{Gravitational waves in closed universes}",
      journal        = "Phys. Rev. Lett.",
      volume         = "27",
      pages          = "826-829",
      doi            = "10.1103/PhysRevLett.27.826",
      year           = "1971",
}

@Article{Grandclement:2001ed,
  requested-for ="EinsteinInitialData/Meudon_Bin_BH",
  author =       "Grandclement, Philippe and Gourgoulhon, Eric and
                  Bonazzola, Silvano",
  title =        "{Binary black holes in circular orbits. II.
                  Numerical methods and first results}",
  journal =      "Phys. Rev. D",
  volume =       65,
  year =         2002,
  pages =        044021,
  eprint =       "arXiv:gr-qc/0106016",
  adsurl =
                  {http://www.slac.stanford.edu/spires/find/hep/www?rawcmd=find+eprint+},
  doi =          "10.1103/PhysRevD.65.044021",
  SLACcitation = "%%CITATION = GR-QC/0106016;%%"
}

@Misc{GRHydro_Manual:web,
  title =        {{\tt GRHydro} documentation},
  url =          {http://einsteintoolkit.org/documentation/ThornGuide/ThornGuidech152.html#x171-2681000R1}
  }

@Article{Grigsby:2007fu,
  author =       "Grigsby, Jason D. and Cook, Gregory B.",
  title =        "{Measuring eccentricity in binary black-hole initial
                  data}",
  journal =      "Phys. Rev. D",
  volume =       77,
  year =         2008,
  pages =        044011,
  eprint =       "arXiv:0706.4286 [gr-qc]",
  doi =          "10.1103/PhysRevD.77.044011",
  SLACcitation = "%%CITATION = 0706.4286;%%"
}

@Article{Gundlach:1997us,
  author =       "Gundlach, Carsten",
  title =        "{Pseudospectral apparent horizon finders: An
                  Efficient new algorithm}",
  journal =      "Phys. Rev. D",
  volume =       57,
  pages =        "863-875",
  doi =          "10.1103/PhysRevD.57.863",
  year =         1998,
  eprint =       "arXiv:gr-qc/9707050 [gr-qc]",
}

##H ############################################################################

@Article{Hannam:2007wf,
  author =       "Hannam, Mark and Husa, Sascha and Br{\"u}gmann,
                  Bernd and Gopakumar, Achamveedu",
  title =        "{Comparison between numerical-relativity and
                  post-Newtonian waveforms from spinning binaries: the
                  orbital hang-up case}",
  journal =      "Phys. Rev. D",
  volume =       78,
  year =         2008,
  pages =        104007,
  eprint =       "arXiv:0712.3787 [gr-qc]",
  doi =          "10.1103/PhysRevD.78.104007",
  SLACcitation = "%%CITATION = 0712.3787;%%"
}

@Article{Hannam:2007ik,
     author    = "Hannam, Mark and Husa, Sascha and Sperhake, Ulrich and
                  Br{\"u}gmann, Bernd and Gonzalez, Jose A.",
     title     = "{Where post-Newtonian and numerical-relativity waveforms
                  meet}",
     journal   = "Phys. Rev. D",
     volume    = "77",
     year      = "2008",
     pages     = "044020",
     eprint    = "arXiv:0706.1305 [gr-qc]",
     doi       = "10.1103/PhysRevD.77.044020",
}

@Article{Hannam:2009hh,
     author    = "Hannam, Mark and others",
     title     = "{The Samurai Project: verifying the consistency of black-
                  hole-binary waveforms for gravitational-wave detection}",
     year      = "2009",
     journal   = "Phys. Rev. D",
     volume    = "79",
     pages     = "084025",
     eprint    = "arXiv:0901.2437 [gr-qc]",
}

@Misc{Harmcode:web,
  title =        {{Harm2d Code}},
  key =       {HARM code},
  url =          {http://rainman.astro.illinois.edu/codelib/codes/harm/src/}
}

@Article{Harten:1983on,
    author = {Amiram Harten and Peter D. Lax and Bram van Leer},
     title = {On Upstream Differencing and {G}odunov-Type Schemes for Hyperbolic Conservation Laws},
   journal = {SIAM review},
    volume = {25},
    number = {1},
      year = {1983},
     pages = {35},
}

@ARTICLE{Harten:1983hr,
   author = {{Harten}, A.},
    title = "{High Resolution Schemes for Hyperbolic Conservation Laws}",
  journal = {J. Comp. Phys.},
     year = 1983,
    month = mar,
   volume = 49,
    pages = {357-393},
      doi = {10.1016/0021-9991(83)90136-5},
   adsurl = {http://adsabs.harvard.edu/abs/1983JCoPh..49..357H},
  adsnote = {Provided by the SAO/NASA Astrophysics Data System}
}

@ARTICLE{Harten:1987un,
   author = {{Harten}, A. and {Engquist}, B. and {Osher}, S. and {Chakravarthy}, S.~R.},
    title = "{Uniformly High Order Accurate Essentially Non-oscillatory Schemes III}",
  journal = {J. Comp. Phys.},
     year = 1987,
    month = aug,
   volume = 71,
    pages = {231-303},
      doi = {10.1016/0021-9991(87)90031-3},
   adsurl = {http://adsabs.harvard.edu/abs/1987JCoPh..71..231H},
  adsnote = {Provided by the SAO/NASA Astrophysics Data System}
}

@Article{Hawke:2005zw,
  suggested-for ="EinsteinEvolve/GRHydro",
  author =       "Hawke, Ian and L{\"o}ffler, Frank and Nerozzi,
                  Andrea",
  title =        "{Excision methods for high resolution shock
                  capturing schemes applied to general relativistic
                  hydrodynamics}",
  journal =      "Phys. Rev. D",
  volume =       71,
  year =         2005,
  pages =        104006,
  eprint =       "arXiv:gr-qc/0501054",
  adsurl =
                  {http://www.slac.stanford.edu/spires/find/hep/www?rawcmd=find+doi+10.1103/PhysRevD.71.104006},
  doi =          "10.1103/PhysRevD.71.104006",
  SLACcitation = "%%CITATION = GR-QC/0501054;%%"
}

@ARTICLE{Hawley2009apss,
  author =       {{Hawley}, J.~F.},
  title =        "{MHD simulations of accretion disks and jets:
                  strengths and limitations}",
  journal =      {Astrophys. Space. Sci.},
  year =         2009,
  month =        apr,
  volume =       320,
  pages =        {107-114},
  doi =          {10.1007/s10509-008-9799-2},
  adsurl =       {http://adsabs.harvard.edu/abs/2009Ap%26SS.320..107H},
  adsnote =      {Provided by the SAO/NASA Astrophysics Data System}
}

@Article{Herrmann:2007ex,
  author =       "Herrmann, Frank and Hinder, Ian and Shoemaker,
                  Deirdre M. and Laguna, Pablo and Matzner, Richard
                  A.",
  title =        "{Binary Black Holes: Spin Dynamics and Gravitational
                  Recoil}",
  journal =      "Phys. Rev. D",
  volume =       76,
  year =         2007,
  pages =        084032,
  eprint =       "arXiv:0706.2541 [gr-qc]",
  doi =          "10.1103/PhysRevD.76.084032",
  SLACcitation = "%%CITATION = 0706.2541;%%"
}

@Article{Hinder:2007qu,
  author =       "Hinder, Ian and Vaishnav, Birjoo and Herrmann, Frank
                  and Shoemaker, Deirdre and Laguna, Pablo",
  title =        "{Universality and Final Spin in Eccentric Binary
                  Black Hole Inspirals}",
  journal =      "Phys. Rev. D",
  volume =       77,
  year =         2008,
  pages =        081502,
  eprint =       "arXiv:0710.5167 [gr-qc]",
  doi =          "10.1103/PhysRevD.77.081502",
  SLACcitation = "%%CITATION = 0710.5167;%%"
}

@article{Hinder:2011xx,
  author         = "Hinder, Ian and Wardell, Barry and Bentivegna, Eloisa",
  title          = "{Falloff of the Weyl scalars in binary black hole
                    spacetimes}",
  journal        = "Phys. Rev.",
  volume         = "D84",
  pages          = "024036",
  year           = "2011",
  eprint         = "arXiv:1105.0781 [gr-qc]",
  doi            = "10.1103/PhysRevD.84.024036"
}

@Article{HolleyBockelmann:2007eh,
  author =       "Holley-Bockelmann, Kelly and Gultekin, Kayhan and
                  Shoemaker, Deirdre and Yunes, Nico",
  title =        "{Gravitational Wave Recoil and the Retention of
                  Intermediate Mass Black Holes}",
  journal =      {Astrophys. J.},
  eprint =       {arXiv:0707.1334 [astro-ph]},
  year =         2008,
  month =        oct,
  volume =       686,
  pages =        {829-837},
  doi =          {10.1086/591218},
  SLACcitation = "%%CITATION = 0707.1334;%%"
}

@article{Hotokezaka:2011dh,
  author =       "Hotokezaka, Kenta and Kyutoku, Koutarou and Okawa,
                  Hirotada and Shibata, Masaru and Kiuchi, Kenta",
  title =        "{Binary Neutron Star Mergers: Dependence on the
                  Nuclear Equation of State}",
  journal =      "Phys. Rev. D",
  volume =       83,
  pages =        124008,
  doi =          "10.1103/PhysRevD.83.124008",
  year =         2011,
  eprint =       "arXiv:1105.4370 [astro-ph.HE]",
}

@Article{Hunter:2007aa,
  Author    = {Hunter, J. D.},
  Title     = {Matplotlib: A 2D graphics environment},
  Journal   = {Comput. Sci. Eng.},
  Volume    = {9},
  Number    = {3},
  Pages     = {90--95},
  publisher = {IEEE COMPUTER SOC},
  year      = 2007,
  doi       = "10.1109/MCSE.2007.55",
}

@Article{Husa:2004ip,
  author =       "Husa, Sascha and Hinder, Ian and Lechner,
                  Christiane",
  title =        "{Kranc: a Mathematica application to generate
                  numerical codes for tensorial evolution equations}",
  journal =      "Comput. Phys. Commun.",
  volume =       174,
  year =         2006,
  pages =        "983-1004",
  eprint =       "arXiv:gr-qc/0404023",
  SLACcitation = "%%CITATION = GR-QC/0404023;%%"
}

@Article{Husa:2007rh,
  author =       "Husa, Sascha and Hannam, Mark and Gonzalez, Jose A.
                  and Sperhake, Ulrich and Br{\"u}gmann, Bernd",
  title =        "{Reducing eccentricity in black-hole binary
                  evolutions with initial parameters from
                  post-Newtonian inspiral}",
  journal =      "Phys. Rev. D",
  volume =       77,
  year =         2008,
  pages =        044037,
  eprint =       "arXiv:0706.0904 [gr-qc]",
  doi =          "10.1103/PhysRevD.77.044037",
  SLACcitation = "%%CITATION = 0706.0904;%%"
}

@TechReport{Hutanu2009a,
  author =       {Andrei Hutanu and Erik Schnetter and Werner Benger
                  and Eloisa Bentivegna and Alex Clary and Peter
                  Diener and Jinghua Ge and Robert Kooima and Oleg
                  Korobkin and Kexi Liu and Frank L{\"o}ffler and Ravi
                  Paruchuri and Jian Tao and Cornelius Toole and Adam
                  Yates and Gabrielle Allen},
  title =        {Large-scale Problem Solving Using Automatic Code
                  Generation and Distributed Visualization},
  institution =  {Louisiana State University},
  number =       {CCT-TR-2009-11},
  year =         {2009},
  url =          {http://www.cct.lsu.edu/CCT-TR/CCT-TR-2009-11},
}

@article{Hutanu2010a,
  author =       {Andrei Hutanu and Erik Schnetter and Werner Benger
                  and Eloisa Bentivegna and Alex Clary and Peter
                  Diener and Jinghua Ge and Robert Kooima and Oleg
                  Korobkin and Kexi Liu and Frank L{\"o}ffler and Ravi
                  Paruchuri and Jian Tao and Cornelius Toole and Adam
                  Yates and Gabrielle Allen},
  title =        {Large-scale Problem Solving Using Automatic Code
                  Generation and Distributed Visualization},
  journal =      {Scalable Computing, Practice and Experience. Scientific
                  International Journal for Parallel and Distributed Computing},
  volume = {11},
  number = {2},
  pages = {205-220},
  year = {2010},
  month = {June},
  url =   {http://www.scpe.org/vols/vol11/no2/SCPE_11_2_10.pdf},
}

@techreport{Hyman:1976cm,
        author = "James M. Hyman",
        title = "The Method of Lines Solution
                 of Partial Differential Equations",
        institution = "ERDA Mathematics and Computing Laboratory,
                       Courant Institute of Mathematical Sciences,
                       New York University",
        X-institution = "New York University",
        department = "ERDA Mathematics and Computing Laboratory,
                      Courant Institute of Mathematical Sciences",
        year = 1976, month = "October",
        number = "COO-3077-139",
        snote = "++good; this is the best overall MOL reference I know",
}

##I ############################################################################

@Inproceedings{Ibanez:2001:godunov,
  author =       {J.M. Ib{\'a}{\~n}ez and M.A. Aloy and J.A. Font and
                  J.M. Mart{\'\i} and J.A. Miralles and J.A. Pons},
  title =        {Riemann Solvers in General Relativistic
                  Hydrodynamics},
  booktitle =    {Proceedings of Godunov Methods, Theory and
                  Applications 1999},
  conferencetitle ={Godunov Methods, Theory and Applications},
  conferencedate =1999,
  conferencelocation ={Oxford},
  edition =      {first},
  pages =        485,
  editor =       {E.F. Toro},
  publisher =    {Kluwer Academic/Plenum Publishers},
  address =      {New York},
  year =         1999,
  isbn = {978-0306466014},
  eprint = {arXiv:astro-ph/9911034}
}

##J ############################################################################

@article{Janiuk:2013kta,
      author         = "Janiuk, Agnieszka and Charzyński, Szymon and Bejger,
                        Michał",
      title          = "{Long Gamma Ray Bursts from binary black holes}",
      journal        = "Astron. Astrophys.",
      volume         = "560",
      year           = "2013",
      pages          = "A25",
      doi            = "10.1051/0004-6361/201322165",
      eprint         = "1310.4869",
      archivePrefix  = "arXiv",
      primaryClass   = "astro-ph.HE",
}


@ARTICLE{Janka:1993da,
   author = {{Janka}, H.-T. and {Zwerger}, T. and {Moenchmeyer}, R.},
    title = "{Does artificial viscosity destroy prompt type-II supernova explosions?}",
  journal = {Astron. Astrophys.},
 keywords = {GRAVITATIONAL COLLAPSE, STELLAR CORES, STELLAR PHYSICS, SUPERNOVAE, FINITE DIFFERENCE THEORY, HYDRODYNAMIC EQUATIONS, SHOCK WAVE PROPAGATION, STELLAR MODELS, VISCOSITY},
     year = 1993,
    month = feb,
   volume = 268,
    pages = {360-368},
   adsurl = {http://adsabs.harvard.edu/abs/1993A%26A...268..360J},
  adsnote = {Provided by the SAO/NASA Astrophysics Data System}
}

##K ############################################################################

@article{Kelly:2012nd,
      author         = "Kelly, Bernard J. and Baker, John G.",
      title          = "{Decoding mode mixing in black-hole merger ringdown}",
      journal        = "Phys.Rev.",
      volume         = "D87",
      pages          = "084004",
      doi            = "10.1103/PhysRevD.87.084004",
      year           = "2013",
      eprint         = "arXiv:1212.5553",
}

@article{Kiuchi:2009jt,
  author =       "Kiuchi, Kenta and Sekiguchi, Yuichiro and Shibata,
                  Masaru and Taniguchi, Keisuke",
  title =        "{Longterm general relativistic simulation of binary
                  neutron stars collapsing to a black hole}",
  journal =      "Phys. Rev. D",
  volume =       80,
  pages =        064037,
  doi =          "10.1103/PhysRevD.80.064037",
  year =         2009,
  eprint =       "arXiv:0904.4551 [gr-qc]",
}

@article{Kiuchi:2010ze,
  author =       "Kiuchi, Kenta and Sekiguchi, Yuichiro and Shibata,
                  Masaru and Taniguchi, Keisuke",
  title =        "{Exploring binary-neutron-star-merger scenario of
                  short-gamma-ray bursts by gravitational-wave
                  observation}",
  journal =      "Phys. Rev. Lett.",
  volume =       104,
  pages =        141101,
  doi =          "10.1103/PhysRevLett.104.141101",
  year =         2010,
  eprint =       "arXiv:1002.2689 [astro-ph.HE]",
}

@ARTICLE{Kiuchi:2012,
   author = {{Kiuchi}, K. and {Kyutoku}, K. and {Shibata}, M.},
    title = "{Three-dimensional evolution of differentially rotating magnetized neutron stars}",
  journal = "Phys. Rev. D",
   eprint = {arXiv:1207.6444 [astro-ph.HE]},
 keywords = {Numerical relativity, Gravitational waves: theory, Relativistic stars: structure, stability, and oscillations},
     year = 2012,
    month = sep,
   volume = 86,
   number = 6,
      eid = {064008},
    pages = {064008},
      doi = {10.1103/PhysRevD.86.064008},
   adsurl = {http://adsabs.harvard.edu/abs/2012PhRvD..86f4008K},
  adsnote = {Provided by the SAO/NASA Astrophysics Data System}
}

@ARTICLE{Komissarov:1999aa,
   author = {{Komissarov}, S.~S.},
    title = "{A Godunov-type scheme for relativistic magnetohydrodynamics}",
  journal = {Mon. Not. Roy. Astron. Soc.},
     year = 1999,
    month = feb,
   volume = 303,
    pages = {343-366},
      doi = {10.1046/j.1365-8711.1999.02244.x},
   adsurl = {http://adsabs.harvard.edu/abs/1999MNRAS.303..343K},
  adsnote = {Provided by the SAO/NASA Astrophysics Data System}
}

@inproceedings{Korobkin:2011tg,
  author = {Korobkin, Oleg and Allen, Gabrielle and Brandt, Steven R. and Bentivegna, Eloisa and Diener, Peter and Ge, Jinghua and L\"{o}ffler, Frank and Schnetter, Erik and Tao, Jian},
  title = {{R}untime analysis tools for parallel scientific applications},
  booktitle = {Proceedings of the 2011 TeraGrid Conference: Extreme Digital Discovery},
  series = {TG '11},
  year = {2011},
  isbn = {978-1-4503-0888-5},
  location = {Salt Lake City, Utah},
  pages = {22:1--22:8},
  articleno = {22},
  numpages = {8},
  doi = {10.1145/2016741.2016765},
  acmid = {2016765},
  publisher = {ACM},
  address = {New York, NY, USA},
}

@Misc{Kranc:web,
  suggested-for ="McLachlan/ML_BSSN",
  key =          {Kranc},
  title =        {{Kranc}: {Kranc} Assembles Numerical Code},
  url =          {http://kranccode.org/},
}

@Book{Kreiss:1973aa,
      author    = "H. Kreiss and J. Oliger",
      title     = "{Methods for the Approximate Solution of
                    Time Dependent Problems}",
      series    = {Global Atmospheric Research
                   Programme (GARP): GARP Publication Series},
      volume    = {10},
      publisher = {GARP Publication},
      year           = "1973",
}

@article{Kutta:1901aa,
  author={Kutta, W.},
  title={{B}eitrag zur {N}{\"a}herungsweisen {I}ntegration {T}otaler {D}ifferentialgleichungen},
  journal={Z. Math. Phys.},
  year={1901},
  volume={46},
  pages={435-453},
}

@article{Kyutoku:2010zd,
  author =       "Kyutoku, Koutarou and Shibata, Masaru and Taniguchi,
                  Keisuke",
  title =        "{Gravitational waves from nonspinning black
                  hole-neutron star binaries: dependence on equations
                  of state}",
  journal =      "Phys. Rev. D",
  volume =       82,
  pages =        044049,
  doi =          "10.1103/PhysRevD.82.044049",
  year =         2010,
  eprint =       "arXiv:1008.1460 [astro-ph.HE]",
}

@article{Kyutoku:2011vz,
      author         = "Kyutoku, Koutarou and Okawa, Hirotada and Shibata, Masaru
                        and Taniguchi, Keisuke",
      title          = "{Gravitational waves from spinning black hole-neutron
                        star binaries: dependence on black hole spins and on
                        neutron star equations of state}",
      journal        = "Phys. Rev. D",
      volume         = "84",
      pages          = "064018",
      doi            = "10.1103/PhysRevD.84.064018",
      year           = "2011",
      eprint         = "arXiv:1108.1189 [astro-ph.HE]",
}

##L ############################################################################

@article{Lackey:2011vz,
      author         = "Lackey, Benjamin D. and Kyutoku, Koutarou and Shibata,
                        Masaru and Brady, Patrick R. and Friedman, John L.",
      title          = "{Extracting equation of state parameters from black
                        hole-neutron star mergers. I. Nonspinning black holes}",
      year           = "2011",
      eprint         = "arXiv:1109.3402 [astro-ph.HE]",
}

@article{Lattimer:1991nc,
  author =       "Lattimer, James M. and Swesty, F. Douglas",
  title =        "{A Generalized equation of state for hot, dense
                  matter}",
  journal =      "Nucl. Phys. A",
  volume =       535,
  pages =        "331-376",
  doi =          "10.1016/0375-9474(91)90452-C",
  year =         1991,
}

@article{Lechner:2004cs,
   author = {{Lechner}, C. and {Alic}, D. and {Husa}, S.},
    title = "{From Tensor Equations to Numerical Code -- Computer Algebra Tools for Numerical Relativity}",
   eprint = {arXiv:cs/0411063},
 keywords = {Computer Science - Symbolic Computation},
     year = 2004,
    month = nov,
    volume = {42},
    number= {3},
    journal = {Analele Universitatii de Vest din Timisoara, Seria Matematica-Informatica},
   adsurl = {http://adsabs.harvard.edu/abs/2004cs.......11063L},
    ISSN = {1224-970X},
  adsnote = {Provided by the SAO/NASA Astrophysics Data System}
}

@article{Lehner:2011aa,
      author         = "Lehner, Luis and Palenzuela, Carlos and Liebling, Steven
                        L. and Thompson, Christopher and Hanna, Chad",
      title          = "{Intense Electromagnetic Outbursts from Collapsing
                        Hypermassive Neutron Stars}",
      journal        = "Phys. Rev.",
      volume         = "D86",
      pages          = "104035",
      doi            = "10.1103/PhysRevD.86.104035",
      year           = "2012",
      eprint         = "arXiv:1112.2622 [astro-ph.HE]",
      SLACcitation   = "%%CITATION = ARXIV:1112.2622;%%",
}

@article{Liebling:2010bn,
      author         = "Liebling, Steven L. and Lehner, Luis and Neilsen, David
                        and Palenzuela, Carlos",
      title          = "{Evolutions of Magnetized and Rotating Neutron Stars}",
      journal        = "Phys. Rev. D",
      volume         = "81",
      pages          = "124023",
      doi            = "10.1103/PhysRevD.81.124023",
      year           = "2010",
      eprint         = "arXiv:1001.0575 [gr-qc]",
}

@article{Liu:2008xy,
  author =       "Liu, Yuk Tung and Shapiro, Stuart L. and Etienne,
                  Zachariah B. and Taniguchi, Keisuke",
  title =        "{General relativistic simulations of magnetized
                  binary neutron star mergers}",
  journal =      "Phys. Rev. D",
  volume =       78,
  pages =        024012,
  doi =          "10.1103/PhysRevD.78.024012",
  year =         2008,
  eprint =       "arXiv:0803.4193 [astro-ph]",
}

@article{Loffler:2006nu,
      author         = "L{\"o}ffler, Frank and Rezzolla, Luciano and Ansorg, Marcus",
      title          = "{Numerical evolutions of a black hole-neutron star system
                        in full general relativity: Head-on collision}",
      journal        = "Phys. Rev. D",
      volume         = "74",
      pages          = "104018",
      doi            = "10.1103/PhysRevD.74.104018",
      year           = "2006",
}

@inproceedings{Loeffler2009a,
  author =       {Frank L{\"o}ffler and Jian Tao and Gabrielle Allen
                  and Erik Schnetter},
  title =        {Benchmarking Parallel {I/O} Performance for a Large
                  Scale Scientific Application on the {TeraGrid}},
  booktitle =    {High Performance Computing and Applications},
  note =         {Second International Conference on
                  High Performance Computing and Applications
                  (HPCA2009), Shanghai, China},
  publisher =    {Springer Verlag},
  address =      {Berlin Heidelberg New York},
  isbn =         {978-3-642-11841-8},
  pages =        {272-279},
  year =         {2009},
  url =          {http://www.springer.com/computer/communication+networks/book/978-3-642-11841-8},
}

@article{Loffler:2011ay,
      author         = "L{\"{o}}ffler, Frank and Faber, Joshua and Bentivegna, Eloisa
                        and Bode, Tanja and Diener, Peter and Haas, Roland and Hinder,
                        Ian and Mundim, Bruno C. and Ott, Christian D. and Schnetter,
                        Erik and Allen, Gabrielle and Campanelli, Manuela and Laguna, Pablo",
      title          = "{{T}he {E}instein {T}oolkit: {A} {C}ommunity {C}omputational
                        {I}nfrastructure for {R}elativistic {A}strophysics}",
      journal        = {Class. Quantum Grav.},
      volume         = {29},
      number         = {11},
      pages          = {115001},
      year           = {2012},
      doi            = "doi:10.1088/0264-9381/29/11/115001",
      eprint         = "arXiv:1111.3344 [gr-qc]",
}

@inproceedings{Loeffler:2011tg,
 author = {L\"{o}ffler, Frank and Allen, Gabrielle and Benger, Werner and Hutanu, Andrei and Jha, Shantenu and Schnetter, Erik},
 title = {Using the {T}era{G}rid to teach scientific computing},
 booktitle = {Proceedings of the 2011 TeraGrid Conference: Extreme Digital Discovery},
 series = {TG '11},
 year = {2011},
 isbn = {978-1-4503-0888-5},
 location = {Salt Lake City, Utah},
 pages = {55:1--55:7},
 articleno = {55},
 numpages = {7},
 url = {http://doi.acm.org/10.1145/2016741.2016800},
 doi = {10.1145/2016741.2016800},
 acmid = {2016800},
 publisher = {ACM},
 address = {New York, NY, USA},
}

@article{Loeffler:2013aa,
  author = "Frank L{\"o}ffler and Steven R. Brandt and Gabrielle Allen and Erik Schnetter",
  title = {Cactus: Issues for Sustainable Simulation Software},
  journal = {Journal of Open Research Software},
  volume = {2},
  number = {1},
  year = {2014},
  doi = "http://dx.doi.org/10.5334/jors.au",
  note = {(\href{http://arxiv.org/abs/1309.1812}{arXiv:1309.1812})},
}

@ARTICLE{Loeffler:2014aa,
   author = {{L{\"o}ffler}, F. and {De Pietri}, R. and {Feo}, A. and {Franci}, L. and {Maione}, F.},
    title = "{Stiffness effects on the dynamics of the bar-mode instability of Neutron Stars in full General Relativity}",
  journal = {ArXiv e-prints},
     year = 2014,
    month = nov,
    note  = {(\href{http://lanl.arxiv.org/abs/1411.1963}{arXiv:1411.1963})},
}

@Misc{Lorene:web,
  key =          {LORENE},
  title =        {{LORENE}: {L}angage {O}bjet pour la {RE}lativit\'e {N}um\'eriqu{E}},
  url =          {http://www.lorene.obspm.fr/},
}

@Article{Lousto:2007db,
  author =       "Lousto, Carlos O. and Zlochower, Yosef",
  title =        "{Further insight into gravitational recoil}",
  journal =      "Phys. Rev. D",
  volume =       77,
  year =         2008,
  pages =        044028,
  eprint =       "arXiv:0708.4048 [gr-qc]",
  doi =          "10.1103/PhysRevD.77.044028",
  SLACcitation = "%%CITATION = 0708.4048;%%"
}

@Article{Lousto:2008dn,
  author =       {{Lousto}, Carlos O. and {Zlochower}, Yosef},
  title =        "{Modeling gravitational recoil from precessing
                  highly-spinning unequal-mass black-hole binaries}",
  year =         2009,
  journal =      "Phys. Rev. D",
  volume =       79,
  pages =        064018,
  doi =          "10.1103/PhysRevD.79.064018",
  eprint =       "arXiv:0805.0159 [gr-qc]",
  SLACcitation = "%%CITATION = 0805.0159;%%"
}

@article{Lousto:2010ut,
      author         = "Lousto, Carlos O. and Zlochower, Yosef",
      title          = "{Orbital Evolution of Extreme-Mass-Ratio Black-Hole
                        Binaries with Numerical Relativity}",
      journal        = "Phys. Rev. Lett.",
      volume         = "106",
      pages          = "041101",
      doi            = "10.1103/PhysRevLett.106.041101",
      year           = "2011",
      eprint         = "arXiv:1009.0292 [gr-qc]",
  }

@article{Lovelace:2009dg,
      author         = "Geoffrey Lovelace and Yanbei Chen and Michael Cohen and Jeffrey D. Kaplan and Drew Keppel and Keith D. Matthews and David A. Nichols and Mark A. Scheel and Ulrich Sperhake",
      title          = "{Momentum flow in black-hole binaries. II. Numerical
                        simulations of equal-mass, head-on mergers with
                        antiparallel spins}",
      journal        = "Phys. Rev. D",
      volume         = "82",
      pages          = "064031",
      doi            = "10.1103/PhysRevD.82.064031",
      year           = "2010",
      eprint         = "arXiv:0907.0869 [gr-qc]",
}

##M ############################################################################

@article{Manca:2007ca,
  author =       "Manca, Gian Mario and Baiotti, Luca and De Pietri,
                  Roberto and Rezzolla, Luciano",
  title =        "{Dynamical non-axisymmetric instabilities in
                  rotating relativistic stars}",
  journal =      "Class. Quantum Grav.",
  volume =       24,
  pages =        "S171-S186",
  doi =          "10.1088/0264-9381/24/12/S12",
  year =         2007,
  eprint =       "arXiv:0705.1826 [astro-ph]",
}

@article{Marronetti:2007wz,
      author         = "Marronetti, Pedro and Tichy, Wolfgang and Br{\"u}gmann,
                        Bernd and Gonz{\'a}lez, Jos{\'e} and Sperhake, Ulrich",
      title          = "{High-spin binary black hole mergers}",
      journal        = "Phys. Rev.",
      volume         = "D77",
      pages          = "064010",
      doi            = "10.1103/PhysRevD.77.064010",
      year           = "2008",
      eprint         = "arXiv:0709.2160 [gr-qc]",
}

@article{Marti:1991wi,
  key =          {Marti91},
  author =       {J.~M. Mart{\'\i} and J.~M. Ib{\'a}{\~n}ez and J.~M.
                  Miralles},
  title =        {Numerical relativistic hydrodynamics: Local
                  characteristic approach},
  journal =      {Phys. Rev. D},
  volume =       43,
  year =         1991,
  pages =        {3794-3801}
}

@Article{Marti:1999wi,
  author =       "Mart{\'i}, Jos{\'e} M. and M{\"u}ller, Ewald",
  title =        "{Numerical hydrodynamics in special relativity}",
  journal =      "Living Reviews in Relativity",
  volume =       2,
  year =         1999,
  pages =        3,
  eprint =       "arXiv:astro-ph/9906333",
  SLACcitation = "%%CITATION = ASTRO-PH/9906333;%%"
}

@Misc{McLachlan:web,
  suggested-for ="McLachlan/ML_BSSN",
  key =          {McLachlan},
  title =        {{McLachlan}, a Public {BSSN} Code},
  url =          {http://www.cct.lsu.edu/~eschnett/McLachlan/},
}

@article{Mignone:2010br,
      author         = "Mignone, A. and Tzeferacos, P. and Bodo, G.",
      title          = "{High-order conservative finite difference GLM-MHD
                        schemes for cell-centered MHD}",
      journal        = "J. Comput. Phys.",
      volume         = "229",
      pages          = "5896-5920",
      doi            = "10.1016/j.jcp.2010.04.013",
      year           = "2010",
      eprint         = "arXiv:1001.2832 [astro-ph.HE]",
      SLACcitation   = "%%CITATION = ARXIV:1001.2832;%%",
}

@article{Moesta:2013dna,
      suggested-for ="EinsteinEvolve/GRHydro",
      author         = "M{\"o}sta, Philipp and Mundim, Bruno C. and Faber, Joshua A.
                        and Haas, Roland and Noble, Scott C. and Bode, Tanja and
                        L{\"o}ffler, Frank and Ott, Christian D. and Reisswig, Christian
                        and Schnetter, Erik",
      title          = "{{GRHydro}: {A} new open source general-relativistic
                        magnetohydrodynamics code for the {E}instein {T}oolkit}",
      year           = "2014",
      journal        = {Classical and Quantum Gravity},
      volume         = {31},
      number         = {1},
      pages          = {015005},
      doi            = "10.1088/0264-9381/31/1/015005",
      eprint         = "arXiv:1304.5544 [gr-qc]",
}

@Article{Moncrief:1974am,
  author =       "Moncrief, V.",
  title =        "{Gravitational perturbations of spherically
                  symmetric systems. I. The exterior problem.}",
  journal =      "Annals Phys.",
  volume =       88,
  pages =        "323-342",
  doi =          "10.1016/0003-4916(74)90173-0",
  year =         1974,
}

@article{Muller:2009jx,
  author =       "M{\"u}ller, Doreen and Br{\"u}gmann, Bernd",
  title =        "{Toward a dynamical shift condition for unequal mass
                  black hole binary simulations}",
  journal =      "Class. Quantum Grav.",
  volume =       27,
  pages =        114008,
  doi =          "10.1088/0264-9381/27/11/114008",
  year =         2010,
  eprint =       "arXiv:0912.3125 [gr-qc]",
}

##N ############################################################################

@article{New:1997me,
      author         = "New, Kimberly C.B. and Watt, Keith and Misner, Charles W.
                        and Centrella, Joan M.",
      title          = "{Stable three level leapfrog integration in numerical
                        relativity}",
      journal        = "Phys. Rev. D",
      volume         = "58",
      pages          = "064022",
      doi            = "10.1103/PhysRevD.58.064022",
      year           = "1998",
      eprint         = "arXiv:gr-qc/9801110",
}

@Misc{NINJA2:web,
  title =        {{N}umerical {INJ}ection {A}nalysis ({NINJA}) {BBH} {P}roject 2},
  url =          {https://www.ninja-project.org/doku.php?id=ninja2:home},
  key =       {NINJA BBH project 2}
}

@article{Noble:2005gf,
       requested-for = {WVUThorns/IllinoisGRMHD},
      author         = "Noble, Scott C. and Gammie, Charles F. and McKinney,
                        Jonathan C. and Del Zanna, Luca",
      title          = "{Primitive variable solvers for conservative general
                        relativistic magnetohydrodynamics}",
      journal        = "Astrophys. J.",
      volume         = "641",
      pages          = "626-637",
      doi            = "10.1086/500349",
      year           = "2006",
      eprint         = "arXiv:astro-ph/0512420",
      SLACcitation   = "%%CITATION = ASTRO-PH/0512420;%%",
}

@article{Noble:2008tm,
      author         = "Noble, Scott C. and Krolik, Julian H. and Hawley, John
                        F.",
      title          = "{Direct calculation of the radiative efficiency of an
                        accretion disk around a black hole}",
      journal        = "Astrophys. J.",
      volume         = "692",
      pages          = "411-421",
      doi            = "10.1088/0004-637X/692/1/411",
      year           = "2009",
      eprint         = "arXiv:0808.3140 [astro-ph]",
      SLACcitation   = "%%CITATION = ARXIV:0808.3140;%%",
}


@Misc{NRAR:web,
  title =        {{NRAR}: Numerical-Relativity and Analytical-Relativity Collaboration},
  url =          {https://www.ninja-project.org/doku.php?id=nrar:home},
  key =       {NRAR collaboration}
}

##O ############################################################################

@article{O'Connor:2009vw,
      author         = "O'Connor, Evan and Ott, Christian D.",
      title          = "{A New Open-Source Code for Spherically-Symmetric Stellar
                        Collapse to Neutron Stars and Black Holes}",
      journal        = "Class. Quantum Grav.",
      volume         = "27",
      pages          = "114103",
      doi            = "10.1088/0264-9381/27/11/114103",
      year           = "2010",
      eprint         = "arXiv:0912.2393 [astro-ph.HE]",
}

@Article{Oppenheimer:1939ne,
  author =       "Oppenheimer, J. R. and Volkoff, G. M.",
  title =        "{On Massive Neutron Cores}",
  journal =      "Phys. Rev.",
  volume =       55,
  year =         1939,
  pages =        "374-381",
  doi =          "10.1103/PhysRev.55.374",
  SLACcitation = "%%CITATION = PHRVA,55,374;%%"
}

@article{Ott:2006eu,
  author =       "Ott, Christian D. and Dimmelmeier, Harald and Marek,
                  Andreas and Janka, Hans-Thomas and Hawke, Ian and
                  Zink, Burkhard and Schnetter, Erik",
  title =        "{3D Collapse of Rotating Stellar Iron Cores in
                  General Relativity with Microphysics}",
  journal =      "Phys. Rev. Lett.",
  volume =       98,
  pages =        261101,
  doi =          "10.1103/PhysRevLett.98.261101",
  year =         2007,
  eprint =       "arXiv:astro-ph/0609819",
}

@article{Ott:2006eh,
  author =       "Christian D. Ott and Harald Dimmelmeier and Andreas
                  Marek and Hans-Thomas Janka and Burkhard Zink and
                  Ian Hawke and Erik Schnetter",
  title =        "{Rotating Collapse of Stellar Iron Cores in General
                  Relativity}",
  journal =      "Class. Quantum Grav.",
  volume =       24,
  pages =        "S139-S154",
  doi =          "10.1088/0264-9381/24/12/S10",
  year =         2007,
  eprint =       "arXiv:astro-ph/0612638",
}

@article{Ott:2011bb,
  author={Ott, C.D. and O’Connor, E. and Peng, F. and Reisswig, C. and Sperhake, U. and Schnetter, E. and Abdikamalov, E. and Diener, P. and Löffler, F. and Hawke, I. and Meakin, C.A. and Burrows, A.},
  title={New open-source approaches to the modeling of stellar collapse and the formation of black holes},
  journal={Astrophysics and Space Science},
  year={2011},
  issn={0004-640X},
  volume={336},
  number={1},
  doi={10.1007/s10509-010-0553-1},
  publisher={Springer Netherlands},
  pages={151-156},
}

@article{Ott:2012mr,
      author         = "Ott, Christian D. and Abdikamalov, Ernazar and Mösta,
                        Philipp and Haas, Roland and Drasco, Steve and others",
      title          = "{General-Relativistic Simulations of Three-Dimensional
                        Core-Collapse Supernovae}",
      journal        = "Astrophys. J.",
      volume         = "768",
      pages          = "115",
      doi            = "10.1088/0004-637X/768/2/115",
      year           = "2013",
      eprint         = "arXiv:astro-ph.HE/1210.6674",
}

##P ############################################################################
                  
@INPROCEEDINGS{Pandharipande:1989hn,
   author = {{Pandharipande}, V.~R. and {Ravenhall}, D.~G.},
    title = "{Hot Nuclear Matter}",
booktitle = {NATO ASIB Proc. 205: Nuclear Matter and Heavy Ion Collisions},
     year = 1989,
   editor = "{M.~Soyeur, H.~Flocard, B.~Tamain, \& M.~Porneuf}",
  publisher = {Plenum Press},
    address = {New York},
    pages = {103-132},
   adsurl = {http://adsabs.harvard.edu/abs/1989nmhi.conf..103P},
  adsnote = {Provided by the SAO/NASA Astrophysics Data System}
}

@article{Palenzuela:2008sf,
  author =       "Palenzuela, Carlos and Lehner, Luis and Reula, Oscar
                  and Rezzolla, Luciano",
  title =        "{Beyond ideal MHD: towards a more realistic modeling
                  of relativistic astrophysical plasmas}",
  journal =      "Mon. Not. Roy. Astron. Soc.",
  volume =       394,
  pages =        "1727-1740",
  year =         2009,
  eprint =       "arXiv:0810.1838 [astro-ph]",
}

@article{Palenzuela:2012my,
      author         = "Palenzuela, Carlos",
      title          = "{Modeling magnetized neutron stars using resistive MHD}",
      journal        = "Mon. Not. Roy. Astron. Soc.",
      volume         = "431",
      pages          = "1853-1865",
      year           = "2013",
      eprint         = "arXiv:1212.0130 [astro-ph.HE]",
      SLACcitation   = "%%CITATION = ARXIV:1212.0130;%%",
}

@phdthesis{Penner:2011zz,
   author  = {Penner, Andrew J.},
   title   = {Numerical Analysis of the Ultrarelativistic and Magnetized Bondi-Hoyle Problem},
   school  = {University of British Columbia},
   address = {Vancouver, BC, Canada},
   year    = 2011,
   url = {http://hdl.handle.net/2429/36734},
}
   url = {http://bh0.physics.ubc.ca/People/ajpenner/thesis/phd.pdf},
   url = {https://circle.ubc.ca/handle/2429/36734},


@article{Penner:2010px,
      author         = "Penner, Andrew J",
      title          = "{General Relativistic Magnetohydrodynamic Bondi--Hoyle
                        Accretion}",
      year           = "2011",
  journal =      "Mon. Not. Roy. Astron. Soc.",
  volume =       414,
  pages =        "1467-1482",
      eprint         = "arXiv:1011.2976 [astro-ph.HE]",
}

@article{Philpott:2009fz,
      author         = "Philpott, Lydia",
      title          = "{Particle simulations in causal set theory}",
      journal        = "Class.Quant.Grav.",
      volume         = "27",
      pages          = "042001",
      doi            = "10.1088/0264-9381/27/4/042001",
      year           = "2010",
      eprint         = "arXiv:gr-qc/0911.5595",
}

@Article{Pfeiffer:2007yz,
  author =       {{Pfeiffer}, H.~P. and {Brown}, D.~A. and {Kidder},
                  L.~E. and {Lindblom}, L. and {Lovelace}, G. and
                  {Scheel}, M.~A.},
  title =        "{Reducing orbital eccentricity in binary black hole
                  simulations}",
  journal =      "Class. Quantum Grav.",
  volume =       24,
  year =         2007,
  pages =        "S59-S82",
  eprint =       "arXiv:gr-qc/0702106",
  doi =          "10.1088/0264-9381/24/12/S06",
  SLACcitation = "%%CITATION = GR-QC/0702106;%%"
}

@article{DePietri:2014mea,
      author         = "De Pietri, Roberto and Feo, Alessandra and Franci, Luca
                        and Löffler, Frank",
      title          = "{Neutron Star instabilities in full General Relativity
                        using a $\Gamma=2.75$ ideal fluid}",
      journal = {Phys. Rev. D},
      volume = {90},
      issue = {2},
      pages = {024034},
      numpages = {15},
      year = {2014},
      month = {Jul},
      publisher = {American Physical Society},
      doi = {10.1103/PhysRevD.90.024034},
      eprint         = "arXiv:gr-qc/1403.8066",
}

@Article{Pollney:2007ss,
  author =       "Pollney, Denis and Reisswig, Christian and Rezzolla,
                  Luciano and Szil{\'a}gyi, B{\'e}la and Ansorg,
                  Marcus and Deris, Barret and Diener, Peter and
                  Dorband, Ernst Nils and Koppitz, Michael and Nagar,
                  Alessandro and Schnetter, Erik",
  title =        "Recoil velocities from equal-mass binary black-hole
                  mergers: a systematic investigation of spin-orbit
                  aligned configurations",
  journal =      "Phys. Rev. D",
  volume =       76,
  year =         2007,
  pages =        124002,
  eprint =       "arXiv:0707.2559 [gr-qc]",
  SLACcitation = "%%CITATION = ARXIV:0707.2559;%%"
}

@article{Pollney:2009yz,
  author =       "Pollney, Denis and Reisswig, Christian and
                  Schnetter, Erik and Dorband, Nils and Diener, Peter",
  title =        "{High accuracy binary black hole simulations with an
                  extended wave zone}",
  journal =      "Phys. Rev. D",
  volume =       83,
  pages =        044045,
  doi =          "10.1103/PhysRevD.83.044045",
  year =         2011,
  eprint =       "arXiv:0910.3803 [gr-qc]",
}

@Article{Pollney:2010hs,
     author    = "Pollney, Denis and Reisswig, Christian",
     title     = "{Gravitational memory in binary black hole mergers}",
     eprint    = "arXiv:1004.4209 [gr-qc]",
  journal = "Astrophys. J. Lett.",
     year = 2011,
    month = may,
   volume = 732,
    pages = {L13},
      doi = {10.1088/2041-8205/732/1/L13},
}

@Article{Pretorius:2005gq,
  author =       "Pretorius, Frans",
  title =        "Evolution of binary black hole spacetimes",
  journal =      "Phys. Rev. Lett.",
  volume =       95,
  pages =        121101,
  year =         2005,
  doi =          "10.1103/PhysRevLett.95.121101",
  eprint =       "arXiv:gr-qc/0507014",
  SLACcitation = "%%CITATION = GR-QC 0507014;%%"
}

@Article{Pretorius:2007jn,
  author =       "Pretorius, Frans and Khurana, Deepak",
  title =        "{Black hole mergers and unstable circular orbits}",
  journal =      "Class. Quantum Grav.",
  volume =       24,
  year =         2007,
  pages =        "S83-S108",
  eprint =       "arXiv:gr-qc/0702084",
  doi =          "10.1088/0264-9381/24/12/S07",
  SLACcitation = "%%CITATION = GR-QC/0702084;%%"
}

##Q ############################################################################
##R ############################################################################

@Article{Regge:1957td,
  author =       "Regge, Tullio and Wheeler, John A.",
  title =        "{Stability of a Schwarzschild singularity}",
  journal =      "Phys. Rev.",
  volume =       108,
  pages =        "1063-1069",
  doi =          "10.1103/PhysRev.108.1063",
  year =         1957,
}

# was: Reisswig:2011a
@article{Reisswig:2009rx,
  author =       "Reisswig, C. and Bishop, N.T. and Pollney, D. and
                  Szil{\'a}gyi, B.",
  title =        "{Characteristic extraction in numerical relativity:
                  binary black hole merger waveforms at null
                  infinity}",
  journal =      "Class. Quant. Grav.",
  volume =       27,
  pages =        075014,
  doi =          "10.1088/0264-9381/27/7/075014",
  year =         2010,
  eprint =       "arXiv:0912.1285 [gr-qc]",
}

@article{Reisswig:2010cd,
  author =       "Reisswig, Christian and Ott, Christian D. and
                  Sperhake, Ulrich and Schnetter, Erik",
  title =        "{Gravitational Wave Extraction in Simulations of
                  Rotating Stellar Core Collapse}",
  journal =      "Phys. Rev. D",
  volume =       83,
  pages =        064008,
  doi =          "10.1103/PhysRevD.83.064008",
  year =         2011,
  eprint =       "arXiv:1012.0595 [gr-qc]",
}

@article{Reisswig:2012nc,
      author         = "Reisswig, C. and Haas, R. and Ott, C.D. and Abdikamalov,
                        E. and Moesta, P. and others",
      title          = "{Three-Dimensional General-Relativistic Hydrodynamic
                        Simulations of Binary Neutron Star Coalescence and Stellar
                        Collapse with Multipatch Grids}",
  journal =      "Phys. Rev. D",
  volume =       87,
  pages =        064023,
  doi =          "10.1103/PhysRevD.87.064023",
  year =         2013,
      eprint         = "arXiv:1212.1191 [astro-ph]",
      primaryClass   = "astro-ph.HE",
      SLACcitation   = "%%CITATION = ARXIV:1212.1191;%%",
}

@article{Rezzolla:2007rz,
  author =       "Luciano Rezzolla and Enrico Barausse and Ernst Nils
                  Dorband and Denis Pollney and Christian Reisswig and
                  Jennifer Seiler and Sascha Husa",
  title =        "{On the final spin from the coalescence of two black
                  holes}",
  journal =      "Phys. Rev. D",
  volume =       78,
  pages =        044002,
  doi =          "10.1103/PhysRevD.78.044002",
  year =         2008,
  eprint =       "arXiv:0712.3541 [gr-qc]",
}                  

@article{Rezzolla:2010fd,
  author =       "Rezzolla, Luciano and Baiotti, Luca and Giacomazzo,
                  Bruno and Link, David and Font, Jose A.",
  title =        "{Accurate evolutions of unequal-mass neutron-star
                  binaries: properties of the torus and short GRB
                  engines}",
  journal =      "Class. Quantum Grav.",
  volume =       27,
  pages =        114105,
  doi =          "10.1088/0264-9381/27/11/114105",
  year =         2010,
  eprint =       "arXiv:1001.3074 [gr-qc]",
}

@article{Rezzolla:2011da,
  author =       "Luciano Rezzolla and Bruno Giacomazzo and Luca
                  Baiotti and Jonathan Granot and Chryssa Kouveliotou
                  and Miguel A. Aloy",
  title =        "{The missing link: Merging neutron stars naturally
                  produce jet-like structures and can power short
                  Gamma-Ray Bursts}",
  journal =      "Astrophys. J.",
  volume =       732,
  pages =        "L6",
  year =         2011,
  eprint =       "arXiv:1101.4298 [astro-ph.HE]",
}

@ARTICLE{Roe:1981ar,
   author = {{Roe}, P.~L.},
    title = "{Approximate Riemann Solvers, Parameter Vectors, and Difference Schemes}",
  journal = {J. Comp. Phys.},
     year = 1981,
    month = oct,
   volume = 43,
    pages = {357-372},
      doi = {10.1016/0021-9991(81)90128-5},
   adsurl = {http://adsabs.harvard.edu/abs/1981JCoPh..43..357R},
  adsnote = {Provided by the SAO/NASA Astrophysics Data System}
}

@ARTICLE{Roe:1986cb,
  author =       {{Roe}, P.~L.},
  title =        "{Characteristic-based schemes for the Euler
                  equations}",
  journal =      {Ann. Rev. Fluid Mech.},
  year =         1986,
  volume =       18,
  pages =        {337-365},
  doi =          {10.1146/annurev.fl.18.010186.002005},
  adsurl =       {http://adsabs.harvard.edu/abs/1986AnRFM..18..337R},
  adsnote =      {Provided by the SAO/NASA Astrophysics Data System}
}

@ARTICLE{Romero:1996aa,
   author = {{Romero}, J.~V. and {Ibanez}, J.~M.~A. and {Marti}, J.~M.~A. and 
 {Miralles}, J.~A.},
    title = "{A New Spherically Symmetric General Relativistic Hydrodynamical Code}",
  journal = {Astrophys. J.},
   eprint = {arXiv:astro-ph/9509121},
     year = 1996,
    month = may,
   volume = 462,
    pages = {839-854},
      doi = {10.1086/177198},
   adsurl = {http://adsabs.harvard.edu/abs/1996ApJ...462..839R},
}

@article{Runge:1895aa,
  author={Runge, C.},
  title={{U}eber die numerische {A}ufl{\"o}sung von {D}ifferentialgleichungen},
  journal={Mathematische Annalen},
  year={1895},
  issn={0025-5831},
  volume={46},
  number={2},
  pages={167-178},
  doi={10.1007/BF01446807},
  url={http://dx.doi.org/10.1007/BF01446807},
  publisher={Springer-Verlag},
}

##S ############################################################################

@article{Schnetter:2003rb,
  requested-for ="Carpet/Carpet",
  author =       "Schnetter, Erik and Hawley, Scott H. and Hawke, Ian",
  title =        "{Evolutions in 3-D numerical relativity using fixed
                  mesh refinement}",
  journal =      "Class. Quantum Grav.",
  volume =       21,
  pages =        "1465-1488",
  doi =          "10.1088/0264-9381/21/6/014",
  year =         2004,
  eprint =       "arXiv:gr-qc/0310042",
}

@article{Schnetter:2005ea,
  author =       "Schnetter, Erik and Krishnan, Badri",
  title =        "{Non-symmetric trapped surfaces in the Schwarzschild
                  and Vaidya spacetimes}",
  journal =      "Phys. Rev. D",
  volume =       73,
  pages =        "021502(R)",
  doi =          "10.1103/PhysRevD.73.021502",
  year =         2006,
  eprint =       "arXiv:gr-qc/0511017",
}

@Article{Schnetter:2006pg,
  author =       "Schnetter, Erik and Diener, Peter and Dorband, Ernst
                  Nils and Tiglio, Manuel",
  title =        "{A multi-block infrastructure for three-dimensional
                  time-dependent numerical relativity}",
  journal =      "Class. Quantum Grav.",
  volume =       23,
  year =         2006,
  pages =        "S553-S578",
  eprint =       "arXiv:gr-qc/0602104",
  doi =          "10.1088/0264-9381/23/16/S14",
  SLACcitation = "%%CITATION = GR-QC/0602104;%%"
}

@article{Schnetter:2006yt,
  author =       "Schnetter, Erik and Krishnan, Badri and Beyer,
                  Florian",
  title =        "{Introduction to dynamical horizons in numerical
                  relativity}",
  journal =      "Phys. Rev. D",
  volume =       74,
  pages =        024028,
  doi =          "10.1103/PhysRevD.74.024028",
  year =         2006,
  eprint =       "arXiv:gr-qc/0604015",
}

@article{Schnetter:2010cz,
  author =       "Schnetter, Erik",
  title =        "{Time Step Size Limitation Introduced by the BSSN
                  Gamma Driver}",
  journal =      "Class. Quantum Grav.",
  volume =       27,
  pages =        167001,
  doi =          "10.1088/0264-9381/27/16/167001",
  year =         2010,
  eprint =       "arXiv:1003.0859 [gr-qc]",
}

@ARTICLE{Schnetter:2014cise,
   author = {{Schnetter}, E. and {Blazewicz}, M. and {Brandt}, S.~R. and
  {Koppelman}, D.~M. and {L{\"o}ffler}, F.},
    title = "{Chemora: A PDE Solving Framework for Modern HPC Architectures}",
  journal = {Computing in Science \& Engineering},
    note  = {(\href{http://arxiv.org/abs/1410.1764}{arXiv:1410.1764})},
     year = 2014,
    month = oct,
}

@Article{Seidel:1999ey,
     author    = "Seidel, Edward and Suen, Wai-Mo",
     title     = "{Numerical Relativity As A Tool For Computational
                  Astrophysics}",
  journal =      "J. Comput. Appl. Math",
  volume =       109,
  pages =        "493-525",
  doi =          "10.1016/S0377-0427(99)00169-7",
  year      = "1999",
     eprint    = "arXiv:gr-qc/9904014",
     SLACcitation  = "%%CITATION = GR-QC/9904014;%%"
}

@InProceedings{Seidel:2010aa,
  author =       {Eric L. Seidel and Gabrielle Allen and Steven R.
                  Brandt and Frank L{\"o}ffler and Erik Schnetter},
  title =        {{Simplifying Complex Software Assembly: The
                  Component Retrieval Language and Implementation}},
  booktitle =    {Proceedings of the 2010 TeraGrid Conference},
  year =         2010,
  eprint =       {arXiv:1009.1342 [cs.PL]},
  doi =          {10.1145/1838574.1838592},
}

@inproceedings{Seidel:2010bb,
  author =       {Gabrielle Allen and Tom Goodale and Frank L{\"o}ffler
                  and David Rideout and Erik Schnetter and Seidel, Eric L.},
  title =        {{C}omponent {S}pecification in the {C}actus {F}ramework: {T}he {C}actus {C}onfiguration {L}anguage},
  booktitle = {Grid2010: Proceedings of the 11th IEEE/ACM International Conference on Grid Computing},
  year =         {2010},
  location = {Brussels, Belgium},
  eprint   = {arXiv:1009.1341 [cs.DC]},
}


@article{Sekiguchi:2011zd,
  author =       "Sekiguchi, Yuichiro and Kiuchi, Kenta and Kyutoku,
                  Koutarou and Shibata, Masaru",
  title =        "{Gravitational waves and neutrino emission from the
                  merger of binary neutron stars}",
  journal =      {Phys. Rev. Lett.},
  eprint =       {arXiv:1105.2125 [gr-qc]},
  year =         2011,
  month =        jul,
  volume =       107,
  number =       5,
  pages =        {051102},
  doi =          {10.1103/PhysRevLett.107.051102},
}

@article{Sekiguchi:2011mc,
  author         = "Sekiguchi, Yuichiro and Kiuchi, Kenta and Kyutoku,
                    Koutarou and Shibata, Masaru",
  title          = "{{E}ffects of {H}yperons in {B}inary {N}eutron {S}tar {M}ergers}",
  journal = {Phys. Rev. Lett.},
  volume = {107},
  issue = {21},
  pages = {211101},
  numpages = {5},
  year = {2011},
  month = {Nov},
  doi = {10.1103/PhysRevLett.107.211101},
  eprint= "arXiv:1110.4442 [astro-ph.HE]",
}

@Book{Shapiro:1983du,
      author         = "Shapiro, S.L. and Teukolsky, S.A.",
      title          = "{Black holes, white dwarfs, and neutron stars: The
                        physics of compact objects}",
      publisher      = {Wiley \& Sons},
      address        = {New York, Chichester Brisbane, Toronto, Singapore},
      year           = "1983",
      SLACcitation   = "%%CITATION = INSPIRE-198204;%%",
}

@Article{Shen:1998by,
  author =       "Shen, H. and Toki, H. and Oyamatsu, K. and
                  Sumiyoshi, K.",
  title =        "{Relativistic equation of state of nuclear matter
                  for supernova explosion}",
  journal =      "Prog. Theor. Phys.",
  volume =       100,
  year =         1998,
  pages =        1013,
  eprint =       "arXiv:nucl-th/9806095",
  SLACcitation = "%%CITATION = NUCL-TH/9806095;%%"
}

@article{Shen:1998gq,
  author =       "Shen, H. and Toki, H. and Oyamatsu, K. and
                  Sumiyoshi, K.",
  title =        "{Relativistic equation of state of nuclear matter
                  for supernova and neutron star}",
  journal =      "Nucl. Phys. A",
  volume =       637,
  pages =        "435-450",
  doi =          "10.1016/S0375-9474(98)00236-X",
  year =         1998,
  eprint =       "arXiv:nucl-th/9805035",
}

@article{Shibata:1995we,
      author         = "Shibata, Masaru and Nakamura, Takashi",
      title          = "{Evolution of three-dimensional gravitational waves:
                        Harmonic slicing case}",
      journal        = "Phys. Rev. D",
      volume         = "52",
      pages          = "5428-5444",
      doi            = "10.1103/PhysRevD.52.5428",
      year           = "1995",
}

@article{Shibata:1998sg,
      author         = "Shibata, Masaru and Baumgarte, Thomas W. and Shapiro,
                        Stuart L.",
      title          = "{Stability of coalescing binary stars against
                        gravitational collapse: Hydrodynamical simulations}",
      journal        = "Phys. Rev. D",
      volume         = "58",
      pages          = "023002",
      doi            = "10.1103/PhysRevD.58.023002",
      year           = "1998",
      eprint         = "arXiv:gr-qc/9805026",
 }

@article{Shibata:1999wm,
  author =       "Shibata, Masaru and Uryu, Koji",
  title =        "{Simulation of merging binary neutron stars in full
                  general relativity: Gamma = two case}",
  journal =      "Phys. Rev. D",
  volume =       61,
  pages =        064001,
  doi =          "10.1103/PhysRevD.61.064001",
  year =         2000,
  eprint =       "arXiv:gr-qc/9911058",
}

@Article{Shibata:1999yx,
  author =       "Shibata, Masaru and Baumgarte, Thomas W. and
                  Shapiro, Stuart L.",
  title =        "{Stability and collapse of rapidly rotating,
                  supramassive neutron stars: 3D simulations in
                  general relativity}",
  journal =      "Phys. Rev. D",
  volume =       61,
  year =         2000,
  pages =        044012,
  eprint =       "arXiv:astro-ph/9911308",
  doi =          "10.1103/PhysRevD.61.044012",
  SLACcitation = "%%CITATION = ASTRO-PH/9911308;%%"
}

@article{Shibata:2002jb,
  author =       "Shibata, Masaru and Uryu, Koji",
  title =        "{Gravitational waves from the merger of binary
                  neutron stars in a fully general relativistic
                  simulation}",
  journal =      "Prog. Theor. Phys.",
  volume =       107,
  pages =        265,
  doi =          "10.1143/PTP.107.265",
  year =         2002,
  eprint =       "arXiv:gr-qc/0203037",
}

@article{Shibata:2003iy,
      author         = "Shibata, Masaru",
      title          = "{Axisymmetric general relativistic hydrodynamics: Long
                        term evolution of neutron stars and stellar collapse to
                        neutron stars and black holes}",
      journal        = "Phys. Rev. D",
      volume         = "67",
      pages          = "024033",
      doi            = "10.1103/PhysRevD.67.024033",
      year           = "2003",
      eprint         = "arXiv:gr-qc/0301103",
}

@article{Shibata:2003ga,
      author         = "Shibata, Masaru and Taniguchi, Keisuke and Uryu, Koji",
      title          = "{Merger of binary neutron stars of unequal mass in full
                        general relativity}",
      journal        = "Phys. Rev. D",
      volume         = "68",
      pages          = "084020",
      doi            = "10.1103/PhysRevD.68.084020",
      year           = "2003",
      eprint         = "arXiv:gr-qc/0310030",
}

@article{Shibata:2003yj,
      author         = "Shibata, Masaru and Karino, Shigeyuki and Eriguchi,
                        Yoshiharu",
      title          = "{Dynamical bar-mode instability of differentially
                        rotating stars: Effects of equations of state and velocity
                        profiles}",
      journal        = "Mon.Not.Roy.Astron.Soc.",
      volume         = "343",
      pages          = "619",
      doi            = "10.1046/j.1365-8711.2003.06699.x",
      year           = "2003",
      eprint         = "astro-ph/0304298",
}

@Article{Shibata:2004kb,
  author =       "Shibata, Masaru and Sekiguchi, Yu-ichirou",
  title =        "{Three-dimensional simulations of stellar core
                  collapse in full general relativity: Nonaxisymmetric
                  dynamical instabilities}",
  journal =      "Phys. Rev. D",
  volume =       71,
  year =         2005,
  pages =        024014,
  eprint =       "arXiv:astro-ph/0412243",
  doi =          "10.1103/PhysRevD.71.024014",
  SLACcitation = "%%CITATION = ASTRO-PH/0412243;%%"
}

@article{Shibata:2005gp,
      author         = "Shibata, Masaru and Sekiguchi, Yu-ichiou",
      title          = "{Magnetohydrodynamics in full general relativity:
                        Formulation and tests}",
      journal        = "Phys. Rev. D",
      volume         = "72",
      pages          = "044014",
      doi            = "10.1103/PhysRevD.72.044014",
      year           = "2005",
      eprint         = "arXiv:astro-ph/0507383",
      SLACcitation   = "%%CITATION = ASTRO-PH/0507383;%%",
}

@article{Shibata:2005ss,
  author =       "Shibata, Masaru and Taniguchi, Keisuke and Uryu,
                  Koji",
  title =        "{Merger of binary neutron stars with realistic
                  equations of state in full general relativity}",
  journal =      "Phys. Rev. D",
  volume =       71,
  pages =        084021,
  doi =          "10.1103/PhysRevD.71.084021",
  year =         2005,
  eprint =       "arXiv:gr-qc/0503119",
}

@article{Shibata:2006nm,
  author =       "Shibata, Masaru and Taniguchi, Keisuke",
  title =        "{Merger of binary neutron stars to a black hole:
                  disk mass, short gamma-ray bursts, and quasinormal
                  mode ringing}",
  journal =      "Phys. Rev. D",
  volume =       73,
  pages =        064027,
  doi =          "10.1103/PhysRevD.73.064027",
  year =         2006,
  eprint =       "arXiv:astro-ph/0603145",
}

@article{Shibata:2006hr,
  author =       "Shibata, Masaru and Liu, Yuk Tung and Shapiro,
                  Stuart L. and Stephens, Branson C.",
  title =        "{Magnetorotational collapse of massive stellar cores
                  to neutron stars: Simulations in full general
                  relativity}",
  journal =      "Phys. Rev. D",
  volume =       74,
  pages =        104026,
  doi =          "10.1103/PhysRevD.74.104026",
  year =         2006,
  eprint =       "arXiv:astro-ph/0610840",
}

@article{Shibata:2006bs,
  author =       "Shibata, Masaru and Uryu, Koji",
  title =        "{Merger of black hole-neutron star binaries in full
                  general relativity}",
  journal =      "Class. Quantum Grav.",
  volume =       24,
  pages =        "S125-S138",
  doi =          "10.1088/0264-9381/24/12/S09",
  year =         2007,
  eprint =       "arXiv:astro-ph/0611522",
}

@article{Shibata:2006ks,
  author =       "Shibata, Masaru and Uryu, Koji",
  title =        "{Merger of black hole-neutron star binaries:
                  Nonspinning black hole case}",
  journal =      "Phys. Rev. D",
  volume =       74,
  pages =        121503,
  doi =          "10.1103/PhysRevD.74.121503",
  year =         2006,
  eprint =       "arXiv:gr-qc/0612142",
}

@article{Shibata:2007gp,
      author         = "Shibata, M. and Sekiguchi, Y. and Takahashi, R.",
      title          = "{Magnetohydrodynamics of Neutrino-Cooled Accretion Tori
                        around a Rotating Black Hole in General Relativity}",
      journal        = "Prog. Theor. Phys.",
      volume         = "118",
      pages          = "257",
      doi            = "10.1143/PTP.118.257",
      year           = "2007",
      eprint         = "arXiv:0709.1766 [astro-ph]",
      SLACcitation   = "%%CITATION = ARXIV:0709.1766;%%",
}

@article{Shibata:2007zm,
  author =       "Shibata, Masaru and Taniguchi, Keisuke",
  title =        "{Merger of black hole and neutron star in general
                  relativity: Tidal disruption, torus mass, and
                  gravitational waves}",
  journal =      "Phys. Rev. D",
  volume =       77,
  pages =        084015,
  doi =          "10.1103/PhysRevD.77.084015",
  year =         2008,
  eprint =       "arXiv:0711.1410 [gr-qc]",
}

@article{Shibata:2009cn,
  author =       "Shibata, Masaru and Kyutoku, Koutarou and Yamamoto,
                  Tetsuro and Taniguchi, Keisuke",
  title =        "{Gravitational waves from black hole-neutron star
                  binaries I: Classification of waveforms}",
  journal =      "Phys. Rev. D",
  volume =       79,
  pages =        044030,
  doi =          "10.1103/PhysRevD.79.044030",
  year =         2009,
  eprint =       "arXiv:0902.0416 [gr-qc]",
}

@article{Shibata:2010zz,
  author =       "Shibata, Masaru and Kyutoku, Koutarou",
  title =        "{Constraining nuclear-matter equations of state by
                  gravitational waves from black hole-neutron star
                  binaries}",
  journal =      "Prog. Theor. Phys. Suppl.",
  volume =       186,
  pages =        "17-25",
  doi =          "10.1143/PTPS.186.17",
  year =         2010,
}

@article{Shibata:2012ty,
      author         = "Shibata, Masaru and Sekiguchi, Yuichiro",
      title          = "{Radiation Magnetohydrodynamics for Black Hole-Torus
                        System in Full General Relativity: A Step toward Physical
                        Simulation}",
      journal        = "Prog. Theor. Phys.",
      volume         = "127",
      pages          = "535",
      doi            = "10.1143/PTP.127.535",
      year           = "2012",
      eprint         = "arXiv:1206.5911 [astro-ph.HE]",
      SLACcitation   = "%%CITATION = ARXIV:1206.5911;%%",
}

@INCOLLECTION{Shu:1999ho,
     author = {Shu, Chi Wang},
     editor = {Barth, Timothy J. and Deconinck, H. Array},
   keywords = {Fluid dynamics Differential equations Mathematical physics.},
      title = {High Order {ENO} and {WENO} Schemes for Computational Fluid Dynamics},
  booktitle = {High order methods for computational physics},
       year = {1999},
  publisher = {Springer},
    address = {New York},
       pages = {439--582},
      snote = {A related online version can be found under {\em
  Essentially {N}on-{O}scillatory and {W}eighted {E}ssentially
  {N}on-{O}scillatory {S}chemes for {H}yperbolic {C}onservation
  {L}aws} at {\tt
  http://www.icase.edu/library/reports/rdp/97/97-65RDP.tex.refer.html}},
}

@Misc{SimFactory:web,
  key =          {SimFactory},
  title =        {{SimFactory}: Herding Numerical Simulations},
  url =          {http://simfactory.org/},
}

@Article{Sperhake:2007gu,
  author =       {{Sperhake}, U. and {Berti}, E. and {Cardoso}, V. and
                  {Gonz{\'a}lez}, J.~A. and {Br{\"u}gmann}, B. and
                  {Ansorg}, M.},
  title =        "{Eccentric binary black-hole mergers: The transition
                  from inspiral to plunge in general relativity}",
  journal =      "Phys. Rev. D",
  volume =       78,
  year =         2008,
  pages =        064069,
  eprint =       "arXiv:0710.3823 [gr-qc]",
  doi =          "10.1103/PhysRevD.78.064069",
  SLACcitation = "%%CITATION = 0710.3823;%%"
}

@inproceedings{Stergioulas:2003aa,
  author =       {Nikolaos Stergioulas and Ian Hawke},
  title =        {{E}quilibrium and {P}ulsations of {R}otating {S}tars
                  in {N}umerical {R}elativity},
  editor =       {K. D. Kokkotas and Nikolaos Stergioulas},
  booktitle =    {Recent Developments in Gravity, Proceedings of the
                  10th Hellenic Relativity Conference},
  publisher =    {World Scientific},
  address =      {Singapore},
  pages =        185,
  year =         2003,
  url =          {http://dx.doi.org/10.1142/9789812791238_0023}
}

@article{Stephens:2011as,
  author =       "Stephens, Branson C. and East, William E. and
                  Pretorius, Frans",
  title =        "{Eccentric Black Hole-Neutron Star Mergers}",
  journal =      "Astrophys. J.",
  volume =       737,
  pages =        "L5",
  year =         2011,
  eprint =       {arXiv:1105.3175 [astro-ph.HE]},
}

@article{Stone:2008mh,
      author         = "Stone, James M. and Gardiner, Thomas A. and Teuben, Peter
                        and Hawley, John F. and Simon, Jacob B.",
      title          = "{Athena: A New Code for Astrophysical MHD}",
      year           = "2008",
      eprint         = "arXiv:0804.0402 [astro-ph]",
  journal =      "Astrophys. J. Suppl.",
  volume =       178,
  pages =        "137",
      doi = {10.1086/588755},
      SLACcitation   = "%%CITATION = ARXIV:0804.0402;%%",
}

@ARTICLE{Szabados:2004ql,
   author = {{Szabados}, L.~B.},
    title = "{Quasi-Local Energy-Momentum and Angular Momentum in GR: A Review Article}",
  journal = {Living Reviews in Relativity},
     year = 2004,
    month = mar,
   volume = 7,
    pages = {4},
   adsurl = {http://adsabs.harvard.edu/abs/2004LRR.....7....4S},
  adsnote = {Provided by the SAO/NASA Astrophysics Data System}
}

##T ############################################################################
@article{Tao:2013hpc,
  title={An hpc framework for large scale simulations and visualizations of oil spill trajectories},
  author={Tao, Jian and Benger, Werner and Hu, Kelin and Mathews, Edwin and Ritter, Marcel and Diener, Peter and Kaiser, Carola and Zhao, Haihong and Allen, Gabrielle and Chen, Qin},
  journal={Coastal Hazards},
  number={2},
  pages={13},
  year={2013},
  publisher={ASCE Publications}
}

@article{Takamoto:2011ng,
      author         = "Takamoto, Makoto and Inoue, Tsuyoshi",
      title          = "{A New numerical scheme for resistive relativistic MHD
                        using method of characteristics}",
      journal        = "Astrophys. J.",
      volume         = "735",
      pages          = "113",
      doi            = "10.1088/0004-637X/735/2/113",
      year           = "2011",
      eprint         = "arXiv:1105.5683 [astro-ph.HE]",
}

@article{Tchekhovskoy:2007zn,
  author =       "Tchekhovskoy, Alexander and McKinney, Jonathan C.
                  and Narayan, Ramesh",
  title =        "{WHAM: A WENO-based general relativistic numerical
                  scheme I: Hydrodynamics}",
  journal =      "Mon. Not. Roy. Astron. Soc.",
  volume =       379,
  pages =        "469-497",
  doi =          "10.1111/j.1365-2966.2007.11876.x",
  year =         2007,
  eprint =       "arXiv:0704.2608 [gr-qc]",
}

@article{Thierfelder:2010dv,
      author         = "Thierfelder, Marcus and Bernuzzi, Sebastiano and
                        Hilditch, David and Bruegmann, Bernd and Rezzolla,
                        Luciano",
      title          = "{The trumpet solution from spherical gravitational
                        collapse with puncture gauges}",
      journal        = "Phys. Rev.",
      volume         = "D83",
      pages          = "064022",
      doi            = "10.1103/PhysRevD.83.064022",
      year           = "2011",
      eprint         = "arXiv:1012.3703 [gr-qc]",
}

@article{Thierfelder:2011yi,
  author =       "Thierfelder, Marcus and Bernuzzi, Sebastiano and
                  Bruegmann, Bernd",
  title =        "{Numerical relativity simulations of binary neutron
                  stars}",
  journal =      "Phys. Rev. D",
  volume =       84,
  pages =        044012,
  doi =          "10.1103/PhysRevD.84.044012",
  year =         2011,
  eprint =       "arXiv:1104.4751 [gr-qc]",
}

@inproceedings{Thomas:2010aa,
  author={Thomas, M.W. and Schnetter, E.},
  booktitle={Grid Computing (GRID), 2010 11th IEEE/ACM International Conference on},
  title={Simulation Factory: Taming application configuration and workflow on high-end resources},
  year={2010},
  month={oct.},
  volume={},
  number={},
  pages={369 -378},
  doi={10.1109/GRID.2010.5698010}, 
  eprint =       {arXiv:1008.4571 [cs.DC]},
}

@Article{Thornburg:1995cp,
  suggested-for ="EinsteinAnalysis/AHFinderDirect",
  author =       "Thornburg, Jonathan",
  title =        "{Finding apparent horizons in numerical relativity}",
  journal =      "Phys. Rev. D",
  volume =       54,
  year =         1996,
  pages =        "4899-4918",
  eprint =       "arXiv:gr-qc/9508014",
  adsurl =
                  {http://www.slac.stanford.edu/spires/find/hep/www?rawcmd=find+doi+10.1103/PhysRevD.54.4899},
  doi =          "10.1103/PhysRevD.54.4899",
  SLACcitation = "%%CITATION = GR-QC/9508014;%%"
}

@Article{Thornburg:2003sf,
  requested-for ="EinsteinAnalysis/AHFinderDirect",
  author =       "Thornburg, Jonathan",
  title =        "{A Fast Apparent-Horizon Finder for 3-Dimensional
                  Cartesian Grids in Numerical Relativity}",
  journal =      "Class. Quantum Grav.",
  volume =       21,
  year =         2004,
  pages =        "743-766",
  eprint =       "arXiv:gr-qc/0306056",
  adsurl =
                  {http://www.slac.stanford.edu/spires/find/hep/www?rawcmd=find+doi+10.1088/0264-9381/21/2/026},
  doi =          "10.1088/0264-9381/21/2/026",
  SLACcitation = "%%CITATION = GR-QC/0306056;%%"
}

@Article{Tolman:1939jz,
  author =       "Tolman, Richard C.",
  title =        "{Static solutions of Einstein's field equations for
                  spheres of fluid}",
  journal =      "Phys. Rev.",
  volume =       55,
  year =         1939,
  pages =        "364-373",
  doi =          "10.1103/PhysRev.55.364",
  SLACcitation = "%%CITATION = PHRVA,55,364;%%"
}

@ARTICLE{Toth:00,
   author = {{T{\'o}th}, G.},
    title = "{The ${\nabla}.B=0$ Constraint in Shock-Capturing Magnetohydrodynamics Codes}",
  journal = {J. Comp. Phys.},
     year = 2000,
    month = jul,
   volume = 161,
    pages = {605-652},
      doi = {10.1006/jcph.2000.6519},
   adsurl = {http://adsabs.harvard.edu/abs/2000JCoPh.161..605T},
  adsnote = {Provided by the SAO/NASA Astrophysics Data System}
}



##U ############################################################################

@Misc{Uintah:web,
  key =          {Uintah},
  title =        {Uintah code},
  url =          {http://www.uintah.utah.edu/},
}


##V ############################################################################

@article{Vaishnav:2007nm,
  author =       "Vaishnav, Birjoo and Hinder, Ian and Herrmann, Frank
                  and Shoemaker, Deirdre",
  title =        "{Matched filtering of numerical relativity templates
                  of spinning binary black holes}",
  journal =      "Phys. Rev. D",
  volume =       76,
  pages =        084020,
  doi =          "10.1103/PhysRevD.76.084020",
  year =         2007,
  eprint =       "arXiv:0705.3829 [gr-qc]",
}

@ARTICLE{vanLeer:1977aa,
  author =       {{van Leer}, B.},
  title =        "{Towards the ultimate conservative difference
                  scheme. III - Upstream-centered finite-difference
                  schemes for ideal compressible flow. IV - A new
                  approach to numerical convection}",
  journal =      {J. Comp. Phys.},
  year =         1977,
  month =        mar,
  volume =       23,
  pages =        {263-299},
  doi =          {10.1016/0021-9991(77)90094-8},
  adsurl =       {http://adsabs.harvard.edu/abs/1977JCoPh..23..263V},
  adsnote =      {Provided by the SAO/NASA Astrophysics Data System}
}

@Misc{VisIt:web,
  title =        {{VisIt} Visualization Tool},
  url =          {https://wci.llnl.gov/codes/visit/},
}

@article{Vulcanov:2002aa,
  author =       {D.~N. Vulcanov and M.~Alcubierre},
  title =        {Testing the {Cactus} code on exact solutions of the
                  {E}instein field equations},
  journal =      {Int. J. Mod. Phys. C},
  pages =        {805-822},
  volume =       13,
  year =         2002
}

@article{Vulcanov:2002rz,
  author =       "Vulcanov, Dumitru N.",
  title =        "{Doing numerical cosmology with the Cactus code}",
  year =         "2002",
  eprint =       "arXiv:gr-qc/0210006",
}

##W ############################################################################

@Misc{Harm:web,
  key =          {HARM},
  title =        {{HARM} -- relativistic magnetohydrodynamics },
  url =          {http://rainman.astro.illinois.edu/codelib/},
}

@Misc{Whisky:web,
  key =          {Whisky},
  title =        {{Whisky} -- relativistic hydrodynamics and
                  magnetohydrodynamics },
  url =          {http://www.whiskycode.org/},
}

@Article{Woosley:2006fn,
  author =       "Woosley, S. E. and Bloom, J. S.",
  title =        "{The Supernova -- Gamma-Ray Burst Connection}",
  journal =      "Ann. Rev. Astron. Astrophys.",
  volume =       44,
  year =         2006,
  pages =        "507-556",
  eprint =       "arXiv:astro-ph/0609142",
  doi =          "10.1146/annurev.astro.43.072103.150558",
  SLACcitation = "%%CITATION = ASTRO-PH/0609142;%%"
}

##X ############################################################################
##Y ############################################################################

@article{Yamamoto:2008js,
  author =       "Yamamoto, Tetsuro and Shibata, Masaru and Taniguchi,
                  Keisuke",
  title =        "{Simulating coalescing compact binaries by a new
                  code SACRA}",
  journal =      "Phys. Rev. D",
  volume =       78,
  pages =        064054,
  doi =          "10.1103/PhysRevD.78.064054",
  year =         2008,
  eprint =       "arXiv:0806.4007 [gr-qc]",
}

@Article{Yee:1966my,
  author="Yee, Kane",
  title="Numerical solution of initial boundary value problems involving maxwell's equations in isotropic media",
  journal="Antennas and Propagation, IEEE Transactions on",
  volume=14,
  number=3,
  pages="302-307",
  year=1966,
  month=may,
  doi="10.1109/TAP.1966.1138693",
  ISSN="0018-926X",
}

@Article{Yo:2002bm,
  author =       "Yo, Hwei-Jang and Baumgarte, Thomas W. and Shapiro,
                  Stuart L.",
  title =        "{Improved numerical stability of stationary black
                  hole evolution calculations}",
  journal =      "Phys. Rev. D",
  volume =       66,
  pages =        084026,
  doi =          "10.1103/PhysRevD.66.084026",
  year =         2002,
  eprint =       "arXiv:gr-qc/0209066",
}

@INPROCEEDINGS{York:1979sg,
   author = {{York}, Jr., J.~W.},
    title = "{Kinematics and dynamics of general relativity}",
 keywords = {GRAVITATION THEORY, KINEMATICS, RELATIVITY, SPACE-TIME FUNCTIONS, ASTRONOMICAL MODELS, ASYMPTOTIC METHODS, CAUCHY PROBLEM, DEGREES OF FREEDOM, VECTOR ANALYSIS},
booktitle = {Sources of Gravitational Radiation},
     year = 1979,
   editor = "{L.~L.~Smarr}",
    pages = {83-126},
   adsurl = {http://adsabs.harvard.edu/abs/1979sgrr.work...83Y},
  adsnote = {Provided by the SAO/NASA Astrophysics Data System},
  publisher = {Cambridge University Press},
  address = {Cambridge and New York},
}

@INPROCEEDINGS{York:1983aa,
  author =       {{York}, Jr., James W.},
  title =        "{The initial value problem and dynamics}",
  booktitle =    {Gravitational Radiation},
  year =         1983,
  editor =       "{N.~Deruelle \& T.~Piran}",
  pages =        {175-201},
  adsurl =       {http://adsabs.harvard.edu/abs/1983grr..proc..175Y},
  adsnote =      {Provided by the SAO/NASA Astrophysics Data System},
  publisher = {North-Holland Publishing Co.}, 
  addresss =  {Amsterdam},
}

@Article{York:1998hy,
  author =       "York, Jr., James W.",
  title =        "{Conformal 'thin sandwich' data for the
                  initial-value problem of General Relativity}",
  journal =      "Phys. Rev. Lett.",
  volume =       82,
  year =         1999,
  pages =        "1350-1353",
  eprint =       "arXiv:gr-qc/9810051",
  doi =          "10.1103/PhysRevLett.82.1350",
  SLACcitation = "%%CITATION = GR-QC/9810051;%%"
}

@article{Yoshida:1999vj,
      author         = "Yoshida, Shin'ichirou and Eriguchi, Yoshiharu",
      title          = "{Quasiradial modes of rotating stars in general
                        relativity}",
      journal        = "Mon. Not. Roy. Astron. Soc.",
      volume         = "322",
      pages          = "389-396",
      doi            = "10.1046/j.1365-8711.2001.04115.x",
      year           = "2001",
      eprint         = "arXiv:astro-ph/9908359",
}

##Z ############################################################################

@inproceedings{Zebrowski:2011bl,
  author = {Ashley Zebrowski and Frank L{\"o}ffler and Erik Schnetter},
  title  = {{T}he {BL}-{O}ctree: {A}n {E}fficient {D}ata {S}tructure for {D}iscretized {B}lock-{B}ased {A}daptive {M}esh {R}efinement},
  booktitle = {ParCo2011: Proceeings of the 2011 International Conference on Parallel Computing},
  year = {2011},
  location = {Ghent, Belgium},
  publisher = {ParCo Conferences},
}

@article{Zerilli:1970se,
      author         = "Zerilli, Frank J.",
      title          = "{Effective potential for even parity Regge-Wheeler
                        gravitational perturbation equations}",
      journal        = "Phys. Rev. Lett.",
      volume         = "24",
      pages          = "737-738",
      doi            = "10.1103/PhysRevLett.24.737",
      year           = "1970",
      SLACcitation   = "%%CITATION = PRLTA,24,737;%%",
}

@article{Zilhao:2013aa,
      author         = "Zilh{\~{a}}o, Miguel and L{\"{o}}ffler, Frank",
      title          = "{{A}n {I}ntroduction to the {E}instein {T}oolkit}",
      journal        = {International Journal of Modern Physics A},
      volume         = {28},
      number         = {22n23},
      pages          = {1340014},
      year           = {2013},
      doi            = {10.1142/S0217751X13400149},
      eprint         = "arXiv:1305.5299 [gr-qc]",
}

@article{Zink:2005rr,
  author =       "Burkhard Zink and Nikolaos Stergioulas and Ian Hawke
                  and Christian D. Ott and Erik Schnetter and Ewald
                  Mueller",
  title =        "{Black hole formation through fragmentation of
                  toroidal polytropes}",
  journal =      "Phys. Rev. Lett.",
  volume =       96,
  pages =        161101,
  doi =          "10.1103/PhysRevLett.96.161101",
  year =         2006,
  eprint =       "arXiv:gr-qc/0501080",
}

@article{Zink:2007xn,
  author =       "Zink, Burkhard and Schnetter, Erik and Tiglio,
                  Manuel",
  title =        "{Multi-patch methods in general relativistic
                  astrophysics. 1. Hydrodynamical flows on fixed
                  backgrounds}",
  journal =      "Phys. Rev. D",
  volume =       77,
  pages =        103015,
  doi =          "10.1103/PhysRevD.77.103015",
  year =         2008,
  eprint =       "arXiv:0712.0353 [astro-ph]",
}

@article{Zlochower:2003yh,
  author =       "Zlochower, Yosef and Gomez, Roberto and Husa, Sascha
                  and Lehner, Luis and Winicour, Jeffrey",
  title =        "{Mode coupling in the nonlinear response of black
                  holes}",
  journal =      "Phys. Rev. D",
  volume =       68,
  pages =        084014,
  doi =          "10.1103/PhysRevD.68.084014",
  year =         2003,
  eprint =       "arXiv:gr-qc/0306098",
}

@article{Zlochower:2005bj,
  author =       "Zlochower, Y. and Baker, J.G. and Campanelli,
                  Manuela and Lousto, C.O.",
  title =        "{Accurate black hole evolutions by fourth-order
                  numerical relativity}",
  journal =      "Phys. Rev. D",
  volume =       72,
  pages =        024021,
  doi =          "10.1103/PhysRevD.72.024021",
  year =         2005,
  eprint =       "arXiv:gr-qc/0505055",
}
