@InProceedings{McMillanHPCSYSPROS20,
author = {McMillan, Scott },
title = {NGC Container Environment Modules},
doi = {10.5281/zenodo.4327590},
url = {https://github.com/HPCSYSPROS/Workshop20/tree/master/NGC_container_environment_modules},
booktitle = {In HPCSYSPROS20: HPC System Professionals Workshop},
year = {2020},
month = {November},
address = {Atlanta, GA},
abstract = {NGC container environment modules are lightweight wrappers that make it possible to transparently use NGC containers as environment modules.
